2996 4924
679 817 891 872 PROTDOTOR

336 954 400 1008 DDS
419 955 738 1011 LITTERARISOHDN
756 955 914 1012 VEREINS
932 957 973 1012 IN
991 957 1227 1014 STUTTGAR'I':

510 1094 615 1149 seme
633 1083 820 1150 MAJESTKT
841 1098 914 1150 DER
933 1087 1056 1153 KDNIG.

775 1271 790 1304 t

642 1462 922 1520 VERWALTUNG:

676 1620 888 1678 Prfsident:

209 1731 247 1785 Dr
267 1730 310 1783 W.
331 1731 359 1784 L.
380 1727 550 1793 Bollane,
570 1726 763 1798 professores
782 1728 832 1782 der
851 1729 878 1783 k.
899 1729 1065 1786 universifsf
1083 1731 1112 1786 in
1130 1731 1291 1803 Ti'rbingen.

707 1886 869 1943 Kossisr:
1161 1923 1163 1928 ·

345 1994 526 2050 Ksnsleirsth
547 1993 685 2059 Roller,
712 1991 1003 2050 universisstsartusr
1019 1993 1049 2049 in
1069 1993 1227 2065 Tflbingsn.

775 2167 790 2200 fi

524 2350 1039 2410 GESDLLSOHAF'I'SAUSSGHUSS:

213 2502 353 2556 Professor
381 2499 413 2552 dr
439 2494 598 2559 Bersok,
628 2491 889 2548 oberbibliofheksr
916 2491 965 2546 der
990 2490 1061 2546 ksis.
1089 2491 1284 2548 universifets-
1301 2495 1360 2550 und

279 2600 534 2660 lendesbibliothek
555 2599 585 2653 in
603 2596 768 2666 Sfrsssburg.

214 2711 253 2766 Dr
267 2707 471 2773 Beohsfein,
490 2703 678 2759 ordentlioher
696 2701 832 2772 professor
845 2719 881 2755 sn
899 2702 948 2756 der
961 2721 989 2773 g.
1002 2700 1169 2758 universim
1181 2701 1212 2757 in
1225 2702 1357 2760 Rostoolr.

215 2814 355 2870 Professor
373 2811 406 2864 dr
427 2810 573 2866 Bohmer
591 2811 621 2864 in
640 2807 817 2865 [riohfenfhel
837 2808 878 2864 bei
899 2808 1003 2864 Bsden.

216 2919 248 2974 K.
266 2919 374 2974 Cotta
392 2916 510 2972 freiherr
527 2934 553 2970 v.
571 2913 792 2971 Ooffendorf
806 2913 836 2969 in
854 2914 1007 2984 Stuffgsrt.

215 3023 254 3076 Dr
274 3022 396 3085 Hertz,
414 3019 548 3090 professor
567 3037 602 3073 sn
621 3018 669 3072 der
687 3017 715 3070 lr.
734 3017 911 3073 feohnisohen
930 3018 1098 3076 hoohsohule
1116 3019 1147 3074 in
1165 3021 1313 3080 Mflnohen.

214 3125 413 3182 Bibliothelrar
432 3124 465 3178 dr
482 3121 634 3192 Kliipfel
653 3121 683 3176 in
702 3121 860 3192 Tflbingen.

214 3231 341 3287 Direotor
359 3229 393 3284 dr
410 3228 441 3285 0.
460 3247 486 3283 v.
505 3227 659 3298 Klumpp
677 3226 707 3281 in
724 3226 876 3298 Dfuffgsrf.

218 3337 255 3390 Dr
264 3335 297 3390 K.
312 3353 338 3389 v.
348 3335 376 3388 Μ
384 3349 497 3399 surer,
509 3331 699 3388 ordentliehsr
707 3332 847 3403 professor
856 3351 893 3389 sn
904 3334 954 3389 der
963 3335 991 3390 k.
1001 3334 1207 3391 universitatis
1216 3337 1362 3394 Msrnohen.

217 3441 256 3496 Dr
274 3441 430 3506 Diovem,
449 3437 637 3497 ordsntlieher
654 3440 792 3511 professor
812 3458 848 3496 sn
867 3441 916 3497 der
934 3442 960 3500 k.
980 3442 1149 3498 universitas
1165 3442 1195 3497 in
1208 3442 1300 3500 Helle.

217 3548 254 3601 Dr
272 3546 532 3610 Wsttenbsoh,
560 3545 749 3602 ordenfliohsr
776 3547 914 3617 professor
941 3567 977 3603 an
1007 3549 1057 3604 der
1083 3547 1110 3602 k.
1138 3548 1307 3606 universitas
1334 3553 1363 3607 in
1484 3575 1485 3580 ¹

285 3649 389 3706 Berlin.

214 3755 360 3813 Geheimer
376 3756 490 3812 hofrsfh
509 3717 542 3811 rfr
560 3757 732 3822 Zernoke,
760 3757 950 3814 ordenflioher
972 3759 1110 3830 professor
1129 3777 1165 3814 sn
1185 3759 1235 3816 der
1254 3761 1282 3815 k.
1299 3759 1361 3814 nni-

224 3902 229 3912 .
285 3863 403 3918 versitft
421 3861 452 3916 in
470 3860 592 3933 Leipzig.
