3034 4922
780 326 842 412 'aaa'

396 525 510 590 Fiebat
531 525 596 588 iam
619 523 782 607 dispersio,
806 523 909 588 adhuc
931 545 1002 588 cum
1021 527 1124 588 matre
1146 523 1194 588 dei

395 629 558 696 lohannes
581 630 615 693 in
638 627 815 694 Jerusalem
838 629 956 694 mansit
978 633 1011 693 et
1032 627 1151 713 Alphei

395 734 544 814 Jacobus,
567 755 638 799 cum
660 734 738 818 ipsis
760 734 889 819 quidam
912 734 1058 818 discipuli
1080 735 1210 814 occulte,

317 859 368 898 ⁸⁶⁶⁶
394 839 501 926 Atque
524 843 630 905 sancte
652 839 767 903 femine
789 843 976 904 manserunt
996 837 1042 903 ibi
1063 839 1173 915 multe,

394 945 462 1022 Que
484 945 694 1030 possessiones
717 947 845 1008 cunctas
867 944 1048 1009 reddituum
1070 966 1197 1009 suorum

394 1049 611 1116 Vendiderant
633 1054 664 1114 et
688 1049 825 1134 pretium
848 1049 990 1114 omnium
1013 1070 1122 1113 eorum

395 1157 446 1222 Ad
468 1156 561 1241 pedes
584 1155 794 1240 deposuerant
815 1155 879 1219 iam
902 1155 1128 1239 apostolorum,

396 1259 443 1328 Ut
464 1264 593 1345 possent
614 1260 647 1324 in
671 1260 805 1345 collegio
827 1260 933 1324 vivere
956 1263 1147 1324 sanctorum.

317 1385 369 1423 σύτο
394 1363 459 1431 Iste
480 1370 553 1451 post
575 1365 801 1450 dispersionem
822 1364 1000 1430 Jerusalem
1023 1369 1208 1430 manserunt

394 1473 438 1537 Et
459 1473 494 1536 in
516 1475 657 1564 egestate
679 1473 815 1536 maxime
836 1473 966 1556 penurie
988 1471 1145 1537 vixerunt.

240 1772 344 1858 Quod
372 1771 493 1846 Maria
520 1773 627 1868 virgo
663 1773 767 1846 misit
792 1773 1005 1846 Johannem
1035 1773 1307 1867 evangelistam
1336 1771 1384 1844 ad

674 1897 954 1991 predicendum.

395 2103 536 2170 Tandem
559 2105 609 2169 dei
631 2105 771 2190 genitrix
793 2104 972 2170 Johsnnem
995 2105 1184 2170 adhortatur

398 2209 445 2274 Ad
458 2205 701 2293 predicandum,
725 2210 809 2295 quod
832 2214 864 2275 et
885 2210 953 2294 ipse
974 2215 1051 2275 tunc
1073 2210 1308 2294 proficiscatur;

393 2311 453 2378 sed
477 2313 528 2378 hic
551 2313 722 2380 difficulter
743 2321 878 2380 matrem
901 2315 1021 2380 domini
1043 2315 1173 2396 dimisit,

315 2439 366 2476 uro
394 2418 495 2496 Quam
517 2419 551 2483 in
574 2443 665 2486 cruce
686 2420 780 2486 Jesus
802 2444 857 2487 sue
880 2421 1020 2516 custodie
1042 2420 1209 2486 commisit.

307 2571 312 2582 ·
394 2523 467 2590 Non
491 2525 558 2589 sine
581 2525 687 2591 dolore
709 2528 811 2592 cordis
834 2526 966 2612 abipsa
990 2531 1156 2612 separatur

392 2628 493 2706 Quam
516 2629 660 2696 Christus
684 2632 746 2696 sibi
768 2633 1008 2712 commendavit,
1031 2653 1103 2697 cum
1127 2631 1332 2698 moriebatur.

394 2733 545 2800 Mandato
568 2743 673 2802 tamen
696 2737 830 2822 virginis
854 2737 1025 2822 discipulus
1048 2737 1165 2819 obedit,

395 2837 442 2905 Ut
464 2840 594 2906 verbum
617 2842 666 2908 dei
686 2843 834 2927 predicet,
858 2843 897 2908 ad
920 2848 1045 2929 tempus
1068 2843 1120 2908 hic
1142 2842 1267 2908 recedit.

315 2961 367 3000 ⁶⁵³⁰
394 2942 499 3029 Ipsam
522 2951 628 3012 tamen
651 2947 771 3013 Jacobo
793 2947 910 3033 Alphei
933 2948 1173 3026 commendavit,

394 3047 441 3114 Ut
464 3072 522 3134 pro
544 3073 578 3115 se
601 3053 709 3116 curam
731 3052 830 3136 ipsius
853 3057 972 3138 ageret,
995 3053 1168 3132 mandavit,

392 3153 527 3221 Mariam
549 3157 750 3222 devotissime
772 3156 911 3223 Jacobus
934 3159 1080 3242 suscepit,

393 3259 508 3326 Curam
530 3263 596 3326 eius
620 3284 714 3347 agere
737 3263 851 3328 devota
872 3259 983 3328 mente'
999 3264 1092 3347 cepit.

237 3557 337 3645 Quod
366 3559 557 3636 lohannes
585 3560 725 3636 locavit
752 3559 911 3634 Mariam
948 3561 986 3632 in
1014 3559 1125 3634 domo
1153 3561 1379 3633 sanctissimi

614 3685 685 3758 viri
712 3684 862 3756 nomine
890 3682 1003 3778 Syon.

392 3888 467 3958 Fuit
489 3893 523 3958 in
546 3891 722 3958 Jerusalem
745 3893 795 3958 vir
817 3898 944 3958 sanctus
967 3897 999 3958 et
1021 3892 1162 3970 devotus,

315 4015 366 4052 ⁶⁶⁸⁶
395 3997 455 4072 Qui
478 3999 602 4063 deditus
625 3999 772 4083 operibus
795 3999 886 4064 bonis
909 4001 977 4063 erat
1000 4002 1104 4072 totus;
1157 3989 1158 3994 ¹

392 4101 476 4168 Nam
500 4103 688 4168 Christianis
711 4104 813 4168 multa
835 4102 920 4167 bona
941 4103 1123 4188 frequenter
1146 4100 1358 4186 impendebat,

390 4207 435 4272 Et
457 4208 562 4292 largas
585 4209 780 4290 elemosynas
803 4208 910 4293 egenis
933 4205 1103 4272 tribuebat.

391 4309 453 4375 Hic
475 4312 509 4375 in
532 4311 693 4377 Christum
717 4313 849 4378 credidit
871 4313 995 4396 luitque
1018 4313 1208 4397 baptizatae,

391 4415 500 4482 Fidem
522 4417 614 4482 factis
638 4417 831 4502 adimplevit,
855 4417 942 4504 Syon
964 4418 1152 4504 appellatus.
