2996 4924
792 363 834 438 30

239 651 293 728 De
321 653 564 750 dispositione
580 657 743 750 corporis
766 660 895 730 sancte
906 655 1024 730 Marie
1051 663 1090 729 et
1117 657 1212 730 mira
1227 659 1390 754 pulchri-

679 779 811 852 tudine
838 781 927 852 eius.

329 989 368 1027 σω
394 968 483 1036 Sicut
504 970 587 1036 hanc
609 971 782 1036 virtutibus
804 969 881 1037 deus
903 974 1079 1053 exornavit,

392 1075 437 1140 Et
458 1076 546 1141 velut
568 1099 638 1140 eam
660 1076 803 1142 moribus
826 1077 1026 1162 omnipotens
1050 1079 1166 1158 beavit,

392 1180 443 1244 Sic
466 1181 569 1266 ipsam
592 1182 829 1266 pulchritudine
851 1187 967 1248 natura
989 1184 1159 1263 decorarit,

394 1284 438 1349 Et
460 1307 573 1370 corpus
595 1287 662 1350 eiua
685 1289 788 1372 specie
809 1309 927 1373 magna
948 1289 1139 1353 venustavit.

393 1390 516 1455 Decora
538 1391 601 1456 fuit
622 1413 761 1476 corpore,
785 1393 866 1458 facie
887 1393 1037 1474 formosa,

330 1515 368 1552 ⁸⁷⁰
396 1496 541 1562 Mirande
564 1497 809 1582 pulchritudinis
832 1505 865 1564 et
886 1501 977 1566 valde
999 1501 1156 1585 specicsez

391 1601 512 1667 Decens
534 1603 584 1667 sui
606 1604 746 1688 corporis
768 1603 873 1670 irrorat
894 1610 1019 1670 statura

390 1705 459 1771 Nec
481 1707 706 1792 longanimis,
730 1731 786 1774 nec
810 1710 922 1789 brevis,
945 1711 1000 1775 aed
1024 1731 1094 1776 eam
1116 1715 1232 1775 natura

394 1811 542 1877 Condidit
565 1814 597 1877 in
622 1813 770 1878 mediocri
792 1815 977 1900 decentique
999 1819 1096 1896 statu,

391 1916 471 1981 Cum
494 1918 709 1983 membrorum
733 1919 875 1983 om‘nium
897 1921 1037 2004 corporis
1059 1924 1183 1984 ornatu.

329 2039 367 2075 ⁸⁷⁶
394 2021 504 2087 Carnis
526 2045 582 2088 sue
604 2023 686 2088 cutis
708 2029 777 2088 erat
799 2023 916 2088 triticei
939 2024 1063 2103 coloris,

395 2125 481 2190 Alba
503 2149 574 2192 cum
597 2127 750 2193 rubedine
772 2128 908 2212 mirique
930 2128 1059 2193 decoris.

389 2232 467 2296 Eius
490 2239 582 2297 erant
605 2233 688 2296 oculi
710 2232 847 2297 multum
869 2233 1085 2314 condecentes,

389 2335 518 2401 Pulchri
541 2338 635 2404 nimis
657 2342 690 2402 et
712 2339 815 2402 decori
838 2338 985 2423 clareque
1006 2338 1178 2418 lucentes,

391 2442 531 2526 Aspectu
555 2441 765 2520 delectabiles,
790 2441 896 2506 dulces
918 2446 951 2509 et
972 2443 1109 2523 iocundi,

326 2565 363 2602 sao
391 2544 463 2611 Non
489 2547 702 2631 prominentes
726 2547 869 2627 nimium,
893 2569 951 2612 nec
974 2549 1052 2633 lippi
1076 2569 1134 2612 nec
1154 2547 1315 2633 profundi.

389 2651 485 2716 Visus
510 2651 577 2716 eius
599 2652 686 2716 mitis
709 2657 787 2730 erat,
811 2652 968 2737 benignus
991 2658 1023 2717 et
1046 2655 1215 2733 modestus,

389 2755 585 2834 Mansuetus,
610 2756 690 2840 pius,
715 2755 855 2836 humilis,
879 2756 1011 2840 pudicus
1033 2762 1065 2822 et
1087 2757 1256 2836 honestus3

389 2860 463 2926 Non
486 2883 599 2946 vagus,
623 2881 723 2946 neque
747 2861 901 2944 petulans,
925 2883 988 2926 non
1012 2862 1209 2941 ambitiosus,

387 2966 461 3032 Non
486 2973 606 3046 torvus,
630 2986 731 3050 neque
753 2965 900 3046 discolos,
924 2987 981 3032 nec
1003 2967 1191 3032 malitiosus.

323 3093 360 3130 aas
389 3072 532 3137 Circulos
555 3073 587 3136 in
612 3072 711 3136 oculis
733 3071 797 3135 fuit
818 3070 991 3136 Jacinctini

388 3176 520 3256 Coloris,
544 3176 621 3240 satis
645 3175 740 3239 lucidi
763 3176 830 3240 sive
851 3174 1043 3260 Saphyrini;

388 3281 493 3367 Nigra
514 3281 567 3346 sed
590 3281 752 3365 perlucide
774 3282 898 3365 fuitque
921 3281 1044 3364 pupilla

389 3389 496 3472 Atque
517 3385 608 3450 nulla
629 3387 753 3451 macula
774 3386 898 3450 fuscata
919 3385 983 3449 luit
1004 3385 1080 3458 illa:

388 3493 509 3558 Coloris
531 3513 656 3578 quoque
678 3493 771 3558 lactei
793 3491 856 3556 fuit
878 3495 910 3556 et
932 3491 1091 3568 albumen,

324 3619 362 3655 noo
390 3597 585 3663 Concludens
608 3619 728 3662 necnon
751 3597 894 3662 ambiens
918 3596 1080 3661 oculorum
1103 3594 1230 3670 lumen;

289 3759 291 3762 .
387 3703 559 3768 Oculorum
583 3705 734 3788 palpebre
756 3703 888 3767 fuerunt
911 3701 990 3766 bene
1013 3701 1117 3786 plane,

386 3808 535 3875 Curantes
557 3811 643 3874 omni
666 3810 758 3887 carie,
781 3808 835 3873 sed
858 3827 981 3892 semper
1003 3812 1096 3871 erant
1117 3827 1202 3870 sane.

385 3912 448 3978 Pili
470 3915 695 3999 palpebrarum
717 3917 809 3978 erant
831 3912 990 3977 modicum
1013 3911 1113 3992 enexi,

385 4017 453 4086 Nec
475 4022 539 4086 rari
561 4042 618 4085 nec
641 4019 729 4084 densi
750 4019 845 4086 nimis
868 4040 925 4084 nec
947 4017 1038 4103 longi
1059 4037 1116 4082 nec
1138 4015 1278 4082 convexi.

321 4143 359 4181 ωδ
387 4125 465 4190 Eius
488 4125 655 4210 supercilia
677 4125 808 4190 fuerunt
829 4125 961 4202 elevata,

386 4231 472 4296 Bene
493 4253 587 4314 super
610 4229 716 4295 oculos
738 4231 884 4295 decenter
907 4229 1090 4306 incurvata,

386 4334 490 4419 Nigra
512 4357 575 4399 non
600 4335 702 4420 pilosa
723 4335 818 4400 nimis
841 4355 905 4399 non
928 4333 994 4398 lata
1016 4355 1117 4418 neque
1139 4333 1246 4411 denae,

385 4437 452 4508 Nec
474 4439 603 4504 fuerunt
625 4441 758 4505 nimium
781 4441 820 4505 ad
842 4440 977 4526 invicem
999 4444 1164 4523 protensa3
