3014 4926
589 381 593 390 ·
679 357 740 427 10?

291 533 436 618 Longam
458 534 544 600 viam
564 534 682 600 ivimus
704 539 737 600 te
758 533 866 600 triduo
889 537 1055 620 querentes
1067 537 1094 600 1«

292 637 385 705 Jesue
406 639 448 704 ad
470 659 523 703 eos
545 638 608 704 eit:
632 637 716 704 »Gur
737 660 789 704 me
811 637 1000 724 querebatis,

291 742 397 820 Quare
417 765 475 828 pro
498 765 549 808 me
570 744 725 823 doluistis,
748 767 789 809 an
812 745 1009 822 nesciebatis,

209 867 264 904 sono
291 847 382 926 Quod
404 849 437 914 in
460 849 511 914 his
534 871 595 934 que
617 851 728 933 primis
751 853 898 915 suntme
921 853 1046 935 oportet
1067 873 1143 930 esse,

291 953 335 1018 Et
357 954 456 1039 ipsius
479 959 588 1022 teneor
610 976 709 1044 regno
732 956 796 1020 iam
818 959 984 1040 preesset<

291 1057 328 1124 In
352 1060 445 1126 eorda
466 1081 524 1126 suo
546 1065 649 1126 mater
671 1061 737 1128 eius
759 1064 873 1126 cuneta
894 1061 1052 1126 retinebat

291 1163 489 1234 Descendens
511 1163 605 1233 Jasns
627 1187 700 1232 oum
722 1167 766 1232 eis
788 1166 839 1232 bis
861 1165 1008 1233 subditus
1031 1165 1181 1232 manebit.

521 1481 574 1556 De
600 1481 771 1578 profectu
796 1481 902 1556 Jeeu.

292 1691 459 1756 Crescebat
481 1693 587 1758 autem
610 1711 688 1774 puer
709 1688 803 1755 lesus
825 1693 858 1755 et
879 1689 1129 1770 confortabatur,

209 1814 264 1852 ππ
292 1795 372 1862 Tam
394 1797 452 1862 (leo
475 1817 571 1882 quam
594 1795 775 1862 bominibus
798 1799 911 1881 gratus
933 1795 1121 1861 habebatur.

290 1901 374 1968 Nam
397 1903 510 1986 plenus
533 1901 689 1986 sapientia
709 1901 773 1967 fuit
796 1906 828 1967 et
850 1902 979 1981 virtute,

290 2006 436 2074 Intentus
458 2011 490 2073 et
511 2007 666 2074 sollicitus
688 2007 727 2073 de
749 2008 859 2093 populi
881 2007 993 2072 salute.

291 2110 328 2178 ln
354 2113 444 2178 bonis
466 2113 550 2178 enim
573 2113 715 2179 moribus
737 2134 815 2197 puer
837 2113 985 2192 adolevit,

291 2215 328 2281 In
351 2218 534 2302 cunctisque
557 2219 729 2284 virtutibus
752 2221 784 2282 et
805 2218 975 2283 sanctitate
996 2217 1105 2282 crevit.

211 2339 263 2377 ³¹⁰⁰
290 2319 328 2386 In
351 2322 506 2388 universis
529 2323 651 2402 actibus
674 2323 821 2389 servabat
843 2321 1052 2408 disciplinam,

289 2425 438 2492 imitatus
462 2428 688 2512 prophetarum
710 2432 900 2512 patrumque
922 2428 1117 2507 doetrinam3

288 2529 460 2617 Nunquam
483 2533 570 2612 levis,
593 2555 756 2618 nunquam
780 2554 890 2612 vanus,
912 2555 1076 2618 nunquam
1101 2533 1281 2613 iracundus,

289 2635 327 2702 In
351 2643 478 2722 aspectu
501 2639 652 2724 plaoidus,
673 2639 761 2704 mitis
782 2637 997 2716 etiooundus,

291 2741 365 2808 Pius
388 2749 420 2809 et
441 2735 646 2829 compatiens,
669 2745 776 2812 suavis
798 2748 831 2810 et
853 2744 1019 2830 benignus,

210 2865 262 2902 ³¹0⁶
291 2847 405 2914 Plenus
427 2849 513 2914 omni
536 2849 651 2934 gratia,
674 2852 789 2914 eunota
809 2848 902 2914 laude
923 2848 1049 2933 dignus.

289 2951 461 3038 Nunquam
483 2953 596 3032 tristis,
619 2975 783 3037 nunquam
805 2953 905 3038 piger,
929 2975 993 3018 non
1017 2953 1199 3032 amidiosue,

290 3056 335 3124 Ut
358 3059 454 3124 moris
478 3063 527 3124 eet
547 3058 724 3137 iuvenibus,
746 3057 825 3124 nihil
850 3058 1001 3124 curiosus.

289 3163 402 3242 Verar,
426 3165 538 3242 iustus,
561 3162 695 3242 stabilis,
719 3163 866 3247 prudens,
888 3161 1001 3241 bonus,
1025 3165 1137 3241 reatus,

293 3268 424 3348 Hilaris,
448 3269 595 3348 affabilis,
619 3268 767 3334 omnibus
789 3267 931 3334 dilectus.

212 3393 264 3430 ³¹10
292 3373 377 3440 Raro
393 3375 535 3460 loquens,
552 3395 715 3460 nunquam
730 3373 846 3452 ridens,
858 3393 967 3457 purus,
979 3371 1123 3456 simplex,
1136 3370 1282 3449 mundus,

290 3479 390 3566 Loqui
411 3487 484 3546 oum
508 3479 681 3564 opportuit,
705 3479 841 3544 disertus
863 3483 895 3544 et
917 3476 1082 3544 facundus.

291 3583 363 3650 Non
388 3585 563 3662 olamosue,
587 3607 689 3669 neque
710 3606 841 3668 proeeps
863 3583 897 3648 in
921 3582 1024 3648 verbis
1046 3603 1149 3666 neque
1172 3580 1280 3658 durus,

291 3687 357 3755 Neo
379 3689 531 3776 prolixus,
555 3689 609 3754 aed
632 3688 772 3772 precisus
794 3687 857 3754 luit
879 3691 912 3752 et
934 3689 1088 3778 maturus.

291 3791 418 3859 Patiens
440 3799 473 3859 et
495 3793 637 3872 humilis,
660 3793 803 3873 devotus,
826 3793 986 3858 studiosus

219 3913 267 3951 ³¹¹⁸
292 3895 458 3964 Honorans
480 3921 590 3966 omnes
613 3897 765 3978 homines,
789 3898 910 3966 ornetis
933 3898 1103 3984 gratiosus.

292 3999 386 4068 Suam
408 4003 597 4088 sapientiam
620 4024 729 4068 omnes
751 4003 960 4082 mirabantur,

293 4105 327 4171 ln
349 4131 386 4173 eo
409 4108 478 4174 fore
500 4109 649 4194 spiritum
672 4109 722 4174 dei
744 4109 955 4186 testabantur,

294 4208 338 4274 llo
360 4211 443 4296 quod
467 4216 533 4277 tam
556 4211 695 4278 maxima
718 4211 850 4296 polleret
873 4235 911 4277 ex
934 4213 1063 4292 virtute,

294 4311 328 4378 ln
350 4317 441 4382 anuis
465 4318 638 4401 puerilibus
662 4339 698 4384 ao
720 4317 778 4388 tali
801 4317 976 4386 iuventute.

220 4429 271 4469 ³¹²⁰
295 4413 343 4484 sio
363 4417 458 4486 Jesus
479 4443 557 4507 puer
579 4421 698 4495 elaruit
718 4422 797 4488 etati
819 4421 944 4508 puerili,
