3080 4938
704 377 743 442 17

238 554 360 630 Quarto
383 550 465 616 ratio
495 550 664 615 vetustatis
686 549 824 614 sumitur
853 570 893 614 ex
922 548 1109 615 inventione
1138 531 1302 616 murorum

147 663 181 724 et
195 659 314 724 ossium
331 656 554 720 humanorum.
578 652 663 718 Nam
676 653 768 738 qnasi
779 652 897 737 ubique
913 675 969 736 per
983 653 1155 734 civitatem,
1172 656 1301 740 quando

148 763 281 843 foditur,
305 761 390 827 muri
412 761 615 846 reperiuntur
637 763 670 824 εὴ
692 761 726 824 in
754 759 864 824 multis
887 758 964 823 locis
998 779 1071 824 ossa
1091 764 1301 840 mortuorum,

149 892 188 935 ex
212 868 328 954 quibus
350 865 505 952 suspicari
536 867 644 948 potest
672 863 798 928 stetisse
821 862 868 926 ibi
899 861 1056 929 ecclesias.
1103 861 1197 929 Unde
1219 865 1303 930 circa

148 979 275 1059 portam
298 995 413 1038 novam
429 993 526 1055 supra
540 971 579 1035 ad
595 969 757 1034 sinistram
774 989 858 1033 anno
873 968 1037 1052 praeterito
1054 968 1181 1052 quidam
1198 973 1303 1034 textor

148 1080 392 1144 subterraneum
415 1076 635 1142 habitaculum
657 1074 766 1141 fodere
781 1073 884 1140 voluit
898 1077 994 1159 prout
1010 1075 1144 1159 requirit
1165 1079 1301 1142 texturae

148 1205 238 1268 opus,
261 1182 441 1248 mirabilem
471 1180 635 1245 cumulum
667 1181 785 1245 ossium
818 1179 957 1264 reperiit.
1003 1176 1055 1244 Sic
1085 1179 1119 1244 in
1149 1179 1302 1266 hospitali

149 1289 225 1352 dum
248 1287 393 1354 foderent
414 1309 473 1372 pro
495 1287 651 1352 columnis
673 1286 828 1371 ponendis
861 1287 901 1352 ad
932 1285 1125 1352 testudinem
1147 1289 1300 1372 stuphae¹

148 1393 383 1474 sufferendum,
414 1391 595 1478 congeriem
623 1391 786 1478 ingentem
819 1390 938 1456 ossium
969 1393 1167 1477 reperierunt
1197 1394 1243 1458 sic
1271 1397 1303 1458 et

147 1497 225 1564 alibi
247 1497 280 1562 in
306 1497 452 1582 plurimis
479 1497 574 1578 locis,
604 1497 657 1564 sed
686 1501 719 1563 et
751 1497 783 1562 in
812 1496 894 1562 clivo
923 1501 956 1562 et
984 1497 1073 1578 loco,
1106 1499 1162 1564 ubi
1191 1473 1324 1564 domus*

148 1603 402 1669 macellariorum
424 1607 509 1683 sunt,
532 1607 565 1669 ct
586 1625 684 1689 supra
704 1602 762 1668 ubi
783 1602 848 1668 iam
870 1602 957 1668 vicus
980 1606 1029 1668 est
1051 1603 1111 1668 suh
1134 1602 1216 1682 iore,
1241 1627 1297 1689 per
1349 1665 1351 1669 .

148 1731 245 1793 quem
267 1709 308 1774 ad
322 1713 448 1793 portam
464 1709 574 1796 gregis
590 1709 697 1794 pontis
712 1708 788 1788 itur,
805 1706 967 1774 mirabiles
983 1709 1185 1792 reperiuntur
1199 1713 1302 1775 testu-

148 1813 238 1879 dines
260 1819 293 1879 et
315 1813 497 1880 habitacula
519 1815 692 1894 subterra,
713 1813 880 1898 inquibus
905 1814 1037 1878 credunt
1053 1813 1129 1878 olim
1153 1837 1301 1898 percussa

149 1919 249 1985 fuisse
272 1920 474 1986 numismata.

239 2023 359 2102 Quinta
382 2026 467 2092 racio
490 2026 604 2092 efficax
627 2029 676 2090 est
698 2025 952 2110 adprobandum
969 2030 1160 2091 vetustatem
1181 2025 1300 2110 oppidi.

151 2129 238 2196 Nam
260 2153 344 2196 anno
367 2132 488 2196 domini
513 2131 597 2196 1348
620 2131 695 2196 dum
712 2129 878 2197 Ulmenaes
901 2132 1148 2198 combussissent
1170 2130 1300 2197 Judaeos

150 2240 184 2302 et
206 2259 316 2302 eorum
339 2259 388 2302 res
410 2235 595 2316 lustrarent,
619 2237 818 2321 reperierunt
840 2237 948 2301 literas
970 2237 1085 2302 misses
1109 2260 1128 2301 s
1148 2235 1302 2302 Jheroso·

150 2340 248 2426 lymis
271 2341 392 2407 Jndaeis
414 2341 448 2406 in
471 2339 569 2406 Ulmo
591 2341 682 2405 datas
704 2344 848 2426 tempore
876 2339 1012 2422 Christi,
1043 2341 1128 2407 hunc
1160 2346 1302 2408 tenorem

153 2448 372 2514 continentes:
1169 2439 1173 2448 ¹

244 2550 411 2617 Fratribus
434 2551 489 2636 qui
511 2557 587 2616 sunt
609 2551 641 2616 in
659 2553 874 2618 transmarina
891 2551 1021 2638 regione
1036 2552 1160 2620 Sueviae
1174 2554 1207 2618 iu
1223 2553 1301 2619 eivi-

151 2660 221 2722 tate
245 2655 391 2722 Ulmensi
413 2655 535 2722 ludaeis
558 2658 695 2722 salutem
717 2657 828 2723 dicunt
849 2659 981 2736 fratres,
1011 2659 1067 2744 qui
1089 2663 1165 2723 sunt
1186 2657 1302 2724 Jhero-

151 2763 285 2847 solymis
301 2766 334 2827 et
348 2763 382 2826 in
397 2763 528 2848 regione
543 2761 667 2843 tudes,
684 2767 717 2828 et
732 2784 840 2848 pacem
857 2764 982 2831 bonam.
1027 2765 1077 2830 De
1095 2763 1302 2830 tribulatione

150 2889 271 2960 magna
292 2866 419 2934 liberati
449 2868 618 2955 magnifiee
650 2870 773 2954 gratias
796 2869 921 2955 agimus
953 2869 1179 2935 denunciantes
1211 2871 1301 2936 robis

149 2973 286 3057 impium
308 2973 504 3040 seductorem
526 2973 660 3040 Jhcsnm
683 2974 886 3040 Nazarenum
908 2975 1011 3040 filium
1026 2974 1148 3060 Joseph
1172 2977 1240 3040 lore
1264 2976 1302 3039 de

150 3079 255 3143 madio
278 3077 450 3144 sublatum.
496 3078 575 3145 Cum
599 3081 683 3146 euim
706 3081 773 3146 eius
795 3079 934 3146 insultus
950 3085 982 3146 et
997 3081 1210 3165 blasphemias
1234 3101 1302 3144 am-

150 3183 236 3268 plius
258 3182 415 3250 sustinere
446 3205 510 3250 non
540 3205 720 3270 possemus,
753 3187 984 3252 accusationem
1015 3189 1127 3251 contra
1156 3207 1228 3250 eum
1262 3184 1303 3248 ed

153 3287 321 3373 praesidem
346 3289 487 3356 tulimus.
535 3289 596 3366 Qui
619 3291 735 3356 auditis
758 3291 870 3370 causis,
894 3296 1011 3357 nostres
1026 3313 1152 3376 quoque
1171 3289 1303 3355 calami·

155 3394 215 3458 tati
243 3395 447 3479 compatiens,
470 3395 643 3478 plurimum
667 3395 858 3480 castigatum
874 3395 1017 3481 crucifigi
1036 3396 1133 3480 jussit
1155 3399 1189 3458 et
1203 3393 1303 3457 inter-

151 3497 205 3562 fici
228 3501 324 3583 pront
345 3499 472 3578 meruit,
496 3499 668 3583 discipulos
691 3521 818 3584 quoque
841 3500 907 3584 ejus
930 3500 1079 3584 dispergi.
1128 3499 1249 3564 Valete.

242 3603 287 3668 Et
308 3603 402 3669 hodie
424 3601 530 3682 Jndaei
553 3604 697 3670 fatentur
719 3627 752 3670 se
775 3605 855 3670 tales
871 3604 980 3670 literas
996 3605 1123 3670 habere.
1170 3603 1303 3688 Insuper

151 3731 216 3774 non
240 3709 335 3773 multi
358 3709 433 3775 enni
456 3714 532 3775 sunt
554 3711 638 3795 quod
660 3712 693 3775 in
716 3711 890 3776 coemiterio
914 3711 1051 3775 fratrum
1073 3711 1232 3775 minorum
1248 3731 1299 3774 re-

150 3819 260 3898 pertus
283 3813 346 3879 fuit
367 3815 462 3902 longe
491 3815 660 3881 subterra
693 3817 773 3902 lapis
803 3816 959 3881 hebraicis
987 3817 1088 3882 literis
1116 3815 1298 3900 inscriptus,

151 3920 306 3984 adductus
329 3923 435 3985 autern
459 3918 589 3986 Judaeus
619 3925 656 3986 ut
678 3922 869 4006 scripturam
892 3921 1028 4006 legeret,
1048 3921 1142 3986 -dixit
1162 3919 1302 4005 lapidem

152 4022 244 4089 illurn
267 4024 397 4089 titulum
422 4026 558 4108 sepulcri
581 4025 706 4091 loduici
729 4027 843 4106 fuisse,
868 4031 900 4092 et
929 4031 1003 4091 ante
1026 4025 1145 4091 Christi
1168 4031 1303 4092 mortem

151 4129 345 4215 scripturam
368 4127 459 4195 illem
482 4133 655 4197 exaratam.
678 4132 746 4197 haec
768 4153 828 4217 ego
851 4131 958 4197 audivi
974 4153 994 4196 e
1008 4131 1070 4197 lide
1085 4131 1190 4218 dignis
1215 4130 1301 4210 viris,

224 4379 235 4432 1
255 4374 361 4448 stupha
372 4395 408 4424 =
419 4373 508 4440 stubs,
522 4394 602 4440 Anam.
621 4373 759 4442 helebare,
778 4375 929 4440 bndstub03
949 4375 1020 4431 auch
1045 4375 1090 4431 die
1114 4372 1301 4446 capitelstubc

152 4463 181 4522 in
200 4465 334 4520 hldstcrn.
