3072 4936
795 373 837 438 78

246 573 283 614 11
298 550 427 628 situata,
450 548 608 634 percurrit
623 549 708 613 enim
724 547 867 613 Vildriae
883 547 1046 632 regionem
1059 548 1175 612 fluvius
1197 570 1235 612 ex
1259 546 1395 613 Schem-

245 654 329 719 buch
345 655 436 740 sylua
451 653 553 718 dictus
566 653 663 733 Kerb,
679 655 734 740 qui
750 655 864 719 dividit
878 653 987 718 villam
1005 651 1226 720 Scharnbusen
1244 675 1263 717 a
1278 657 1394 730 castro,

243 759 371 844 fuitque
403 759 450 822 ita
479 781 535 843 per
558 779 653 843 quam
677 760 831 824 transitus
854 763 924 824 erat
954 759 992 824 de
1015 761 1118 823 castro
1141 759 1174 821 in
1198 757 1328 836 11111111,
1361 762 1395 822 11

245 865 360 928 idcirco
378 865 515 948 ,rustica
549 885 627 948 gens
662 863 702 928 ab
725 863 783 928 illa
805 864 853 928 ita
886 864 983 928 etiam
1012 865 1116 948 ipsum
1150 868 1289 928 castrum
1323 867 1396 948 steg
1518 877 1519 948 l

243 969 430 1034 nominabat
463 973 496 1034 11
518 991 575 1053 per
606 991 799 1054 consequens
831 968 953 1034 nobiles
985 969 1080 1034 castri
1112 989 1305 1053 possessores
1328 967 1393 1034 dici
1518 959 1519 982 ¹

244 1077 409 1158 coeperunt
440 1074 490 1139 die
513 1096 585 1137 vom
616 1071 702 1157 Steg.
748 1072 891 1160 Regione
923 1077 1028 1138 autem
1059 1059 1182 1160 guerris
1214 1077 1341 1138 vastata
1363 1077 1397 1138 et

243 1173 404 1244 nobilibus
427 1179 585 1244 esedibus
600 1180 665 1243 suis
688 1178 797 1244 eiectis
813 1178 909 1243 etiam
932 1177 1054 1244 nobiles
1077 1200 1150 1243 vom
1179 1177 1256 1264 Steg
1281 1177 1395 1262 fugam

244 1289 396 1369 ceperunt
411 1289 505 1370 capta
523 1289 554 1350 et
569 1284 734 1350 combusta
750 1305 820 1350 arce
836 1307 944 1350 eorum
961 1283 1048 1371 Steg,
1071 1284 1160 1349 cuius
1175 1283 1269 1348 hodie
1283 1283 1396 1346 ruinae

244 1394 366 1470 extant,
390 1389 581 1476 Ulmamque
606 1390 742 1476 ingressi
765 1391 866 1455 multo
888 1395 962 1475 post
983 1394 1125 1474 tempore
1146 1388 1397 1454 nominabantur

243 1497 293 1560 die
316 1518 386 1560 vom
411 1493 498 1580 Steg,
521 1498 571 1560 cui
594 1496 714 1560 nomini
737 1496 834 1560 etiam
856 1518 944 1561 arma
966 1517 1075 1560 eorum
1095 1494 1242 1559 videntur
1263 1515 1396 1558 concor-

244 1601 329 1679 dare,
353 1623 423 1684 quae
442 1597 616 1684 praferunt
630 1601 708 1666 itam
726 1623 855 1666 auream
870 1623 926 1686 per
943 1607 1159 1666 transversum
1175 1599 1278 1684 campi
1294 1599 1394 1663 rubri.

245 1704 315 1770 Hoc
338 1709 445 1798 11111111
478 1727 591 1770 nomen
615 1705 722 1770 Krafft
744 1710 855 1790 postea
884 1706 1100 1791 acquisierunt
1128 1706 1161 1769 111
1194 1705 1299 1770 duello
1322 1702 1397 1768 feli-

244 1811 369 1876 cissirne
392 1811 523 1875 obtento
538 1817 650 1876 contra
672 1812 828 1896 quendam
848 1809 996 1876 nobilem.
1044 1811 1166 1876 Ferunt
1187 1810 1271 1874 enirn
1295 1808 1396 1874 fuisse

244 1915 400 1995 nobilem,
434 1916 488 2000 qui
512 1939 530 1980 1
552 1917 617 1981 suis
637 1917 907 2002 'progenitoribus
930 1939 1019 1983 arma
1046 1939 1102 2002 per
1124 1915 1232 1981 omnia
1255 1914 1396 1980 eiusdem

244 2021 421 2085 stemmatis
438 2021 519 2086 sicut
535 2021 584 2088 illi
600 2023 637 2086 de
660 2019 719 2100 lta,
744 2043 816 2086 vom
833 2021 919 2108 Steg,
944 2023 1071 2102 habuit,
1096 2026 1128 2087 et
1145 2021 1222 2107 quia
1238 2041 1396 2105 prasum-

245 2130 356 2190 tuosus
379 2132 464 2206 erat,
495 2127 675 2192 aestimabat
710 2127 867 2191 neminem
891 2127 1003 2193 debere
1034 2128 1068 2192 in
1092 2128 1188 2193 armis
1221 2127 1287 2192 suis
1320 2125 1395 2189 illos

247 2231 367 2296 colores
390 2232 502 2296 ducere
525 2232 587 2296 nisi
610 2233 677 2316 ipse
698 2237 731 2296 et
753 2232 812 2296 rui.
859 2231 951 2298 Unde
981 2234 1165 2298 inimicitias
1196 2231 1296 2296 reales
1318 2244 1393 2294 curn

244 2338 492 2406 illisnobilibus
516 2340 553 2404 de
575 2337 627 2403 Ita
649 2337 765 2404 habuit
789 2343 821 2404 et
844 2359 933 2403 arma
955 2360 1063 2403 eorum
1094 2339 1223 2402 inventa
1245 2335 1394 2420 deposuit

245 2443 295 2508 111
327 2444 553 2530 contumeliose
588 2445 779 2528 deturpavit.
825 2443 1024 2528 Quapropter
1057 2441 1176 2508 domini
1207 2462 1280 2506 vom
1313 2439 1394 2524 Steg

245 2547 361 2612 infensi
392 2549 524 2613 eundem
548 2549 686 2614 nobilem
718 2552 887 2614 traxerunt
918 2549 958 2613 ad
981 2548 1124 2613 tribunal
1148 2545 1283 2612 cessaris.
1330 2543 1397 2610 Ubi

246 2653 321 2716 dum
345 2658 451 2738 partes
474 2655 629 2719 cervicose
654 2654 880 2719 contenderent
910 2676 967 2719 nec
990 2655 1102 2740 quovis
1124 2651 1263 2719 remedio
1285 2648 1396 2734 pacili-

247 2758 311 2822 cari
336 2763 474 2842 possent,
497 2759 653 2824 indictum
676 2765 725 2824 est
749 2759 937 2823 auctoritate
960 2759 1117 2843 imperiali
1141 2758 1261 2823 bellum
1284 2756 1397 2842 singu-

246 2863 312 2927 lare
345 2865 411 2928 sive
433 2864 572 2928 duellum
605 2866 689 2930 inter
716 2865 908 2930 strenuiores
940 2864 1018 2928 duos
1040 2865 1190 2948 partium.
1236 2862 1298 2939 Qui
1320 2861 1396 2924 dnm

247 2969 362 3032 armati
377 2971 654 3056 congrederentur,
670 2969 787 3035 nobilis
804 2991 874 3035 vom
889 2969 967 3055 Steg
983 2971 1060 3035 adeo
1076 2975 1203 3034 strenue
1219 2989 1252 3032 se
1271 2966 1396 3042 babuit,

246 3077 283 3136 ut
306 3075 427 3139 cunctis
459 3076 638 3159 spectaculo
671 3076 893 3140 assistentibus
925 3076 985 3140 viri
1009 3076 1140 3140 audacia
1174 3077 1206 3138 11
1237 3072 1396 3137 fortitudo

247 3183 328 3242 esset
351 3179 534 3258 admiratio,
567 3203 676 3266 pugna
699 3185 827 3265 stupor,
861 3186 893 3245 et
915 3181 1048 3245 victoria
1071 3179 1256 3264 tripudium.
1303 3174 1398 3242 Unde

249 3283 323 3347 dum
346 3285 379 3348 in
403 3287 574 3351 certamine
589 3287 795 3371 agonizarent
818 3291 850 3351 et
872 3286 927 3350 ille
949 3308 1021 3350 vom
1045 3284 1123 3368 Steg
1145 3283 1228 3348 vires
1251 3281 1398 3366 proprias
1518 3277 1519 3280 '

249 3393 380 3453 acueret
402 3411 496 3474 seque
511 3393 693 3470 concitaret,
716 3391 825 3456 ferunt
847 3391 952 3474 ipsum
968 3391 1007 3454 ad
1030 3389 1203 3474 quemlibet
1225 3387 1323 3452 ictum
1340 3385 1397 3448 ad·
1518 3455 1519 3472 ,

248 3494 388 3557 versario
411 3495 539 3561 illatum
563 3497 713 3562 atrociter
735 3496 886 3561 clamasse
910 3494 1101 3580 vulgariter:
1133 3493 1186 3558 1111
1209 3491 1325 3568 1111111,
1356 3489 1398 3554 da
1518 3495 1519 3558 l

248 3597 354 3678 lrrafft,
381 3600 431 3665 bic
453 3603 560 3683 robur,
583 3603 628 3668 ibi
652 3603 759 3681 robur,
785 3624 848 3686 quo
871 3601 1009 3666 clamore
1033 3622 1066 3664 se
1088 3598 1260 3674 animavit,
1284 3597 1397 3660 adrer-

247 3703 367 3768 sarium
387 3709 559 3789 perterruit
579 3713 610 3772 et
633 3709 816 3791 prostravit.
862 3707 977 3791 Sicque
999 3707 1093 3772 cessit
1124 3705 1192 3769 viro
1215 3703 1349 3768 victoria
1364 3705 1397 3764 et
1518 3729 1519 3782 ς

248 3808 380 3892 antiqua
402 3811 541 3896 insignia
564 3837 621 3877 sua
644 3813 761 3897 eripuit
785 3817 816 3877 et
839 3835 956 3876 norum
980 3833 1095 3875 nomen
1118 3809 1179 3874 hoc
1194 3807 1302 3874 Krafft
1324 3829 1396 3891 pre·

247 3912 328 3976 tium
351 3915 400 3978 sui
423 3917 546 3981 roboris
563 3941 619 4002 pro
643 3941 676 3982 11
699 3923 731 3983 11
754 3919 819 3983 suis
842 3917 1073 3982 successoribus
1091 3915 1229 4002 gloriose
1252 3917 1396 3997 reporta·

248 4017 304 4082 rit.
329 4023 361 4083 et
385 4020 528 4104 deinceps
554 4022 659 4087 Krafft
682 4045 753 4088 oum
776 4023 863 4088 omni
886 4021 1038 4107 progenie
1066 4043 1124 4086 sua
1146 4018 1325 4104 appellatus
1348 4023 1396 4082 est

247 4146 347 4208 usque
370 4125 403 4189 in
426 4125 613 4192 hodiernum
631 4129 722 4192 diem.
769 4129 819 4192 Ex
842 4129 901 4192 hoc
925 4127 1030 4192 duello
1047 4126 1231 4190 Krafftones
1254 4127 1395 4188 vetustos
1518 4193 1519 4208 ,

248 4233 280 4292 et
302 4251 392 4293 veros
416 4251 482 4294 esse
506 4233 628 4297 nobiles
652 4233 822 4316 probatur,
846 4233 922 4316 quia
944 4232 1096 4318 ignobilis
1119 4230 1259 4295 nobilem
1281 4249 1394 4312 provo-

248 4357 319 4398 care
342 4357 404 4398 non
429 4340 534 4418 potest
557 4339 595 4402 ad
619 4338 775 4418 duellum,
798 4359 856 4402 nec
878 4337 1052 4421 imperator
1075 4357 1127 4401 eos
1150 4333 1301 4410 admittit,
1334 4332 1394 4396 nisi
1518 4371 1519 4388 1

248 4437 364 4502 nobilis
388 4439 526 4525 resignet
549 4442 711 4508 nobilitati
742 4443 792 4510 111
815 4443 877 4508 nisi
899 4445 1076 4509 consentiat
1099 4445 1136 4506 ut
1158 4444 1232 4505 ante
1254 4439 1394 4505 duellum
