3080 4938
802 377 846 442 22

248 555 281 617 et
302 573 438 636 parvum
460 550 588 636 quidem
611 555 680 616 erat
711 551 746 616 in
769 575 818 632 se,
849 573 1002 638 magnum
1034 556 1140 618 nutem
1171 551 1204 616 in
1228 551 1402 618 suburbiis.

247 657 291 722 Et
313 661 456 741 tempore
478 656 564 720 illius
587 661 691 721 status
713 656 852 721 civitatis
868 679 932 722 non
955 663 1119 722 erantnec
1140 657 1319 723 incivitate
1342 680 1401 723 uec

247 765 280 826 in
302 761 463 827 suburbiis
484 759 712 826 Praedicatores
735 783 792 826 nec
815 759 954 826 Minores
977 783 1034 827 nec
1064 762 1184 826 domiui
1207 761 1397 827 'lbeutonici

247 887 304 931 uec
326 864 477 932 Gauoniei
500 865 672 949 regulares,
695 865 751 950 qui
773 884 881 930 omues
905 869 978 949 post
993 866 1232 950 ampliationem
1255 857 1396 932 oivitritis

249 975 414 1049 venerunt,
438 974 474 1034 ut
495 969 628 1054 patebit.

333 1073 415 1140 Erat
430 1079 538 1139 tamen
554 1073 704 1159 parochia
719 1077 758 1140 ad
775 1097 883 1140 omues
899 1074 1042 1153 Sanctos,
1065 1081 1102 1141 ut
1117 1077 1193 1156 dixi,
1216 1076 1309 1142 valde
1324 1099 1397 1162 pre-

247 1181 331 1244 tiosa
352 1184 385 1244 et
407 1181 629 1265 antiquissima
660 1204 744 1245 anuo
766 1182 807 1246 ab
829 1181 1049 1248 incarnatione
1071 1181 1202 1247 Domini
1226 1183 1289 1248 600
1322 1203 1399 1247 con·

248 1289 378 1363 structa,
402 1285 602 1369 temporibus
623 1285 708 1350 beati
731 1285 879 1371 Gregorii
902 1287 1010 1372 magni
1035 1308 1125 1371 papae
1147 1291 1180 1351 et
1201 1285 1315 1352 Phocae
1337 1289 1399 1352 im·

248 1391 403 1474 paratoria
428 1395 503 1455 aute
524 1390 709 1456 Heraclium
731 1395 764 1456 et
779 1397 853 1457 aute
872 1392 1074 1458 maledictum
1091 1391 1341 1459 Machometum.
1364 1393 1399 1458 in

250 1521 313 1583 quo
336 1499 432 1564 etiam
454 1499 629 1583 antiquitas
662 1499 771 1584 oppidi
795 1499 944 1564 ulmensis
968 1497 1200 1576 manifestatur,
1224 1497 1309 1582 quod
1333 1519 1400 1562 uon

248 1603 353 1667 solum
375 1603 543 1688 antiquum
566 1605 629 1667 fuit
650 1604 838 1669 fundatione
860 1603 914 1668 sed
937 1603 1034 1668 etiam
1055 1602 1129 1667 fidei
1144 1603 1309 1668 catholicae
1324 1625 1396 1667 sua-

248 1709 403 1792 ceptione.
449 1708 600 1774 Historiae
623 1710 772 1795 vulgares
788 1708 989 1776 Ulmensium
1005 1708 1115 1772 dicunt
1130 1707 1214 1791 quod
1230 1707 1287 1772 illa
1303 1729 1399 1791 paro-

249 1813 362 1878 chialis
385 1813 515 1879 ecclesia
537 1818 606 1879 erat
628 1815 667 1880 de
698 1815 827 1900 quadris
857 1818 888 1879 et
911 1814 1005 1879 sectis
1027 1812 1186 1898 lapidibus
1217 1813 1295 1878 adeo
1329 1835 1401 1897 pre·

249 1919 343 1998 ciosa,
367 1921 451 2005 quod
474 1921 579 1985 cuncti
603 1921 744 1986 videntes
766 1921 948 2005 stupebant,
972 1925 1005 1984 et
1027 1919 1065 1984 de
1090 1919 1264 2004 longinquo
1280 1917 1398 1982 adven·

250 2023 363 2088 tabant
386 2023 528 2090 homines
552 2030 589 2089 ut
611 2025 698 2090 illam
723 2027 884 2112 egregiam
909 2025 1051 2089 viderent
1072 2027 1284 2102 structuram,
1316 2023 1400 2107 quod

251 2128 325 2192 huic
347 2129 485 2194 ecclesiae
508 2152 571 2195 nou
594 2131 818 2196 inveniebatur
841 2131 977 2196 secunda
999 2130 1031 2194 in
1055 2133 1125 2194 tota
1147 2127 1283 2205 Suesia,
1316 2127 1400 2211 quod

250 2231 315 2298 illis
331 2233 527 2318 temporibus
542 2235 678 2300 humiles
694 2241 785 2301 eraut
800 2234 972 2300 ecclesiolae
987 2235 1083 2299 etiam
1099 2233 1133 2296 in
1149 2231 1261 2297 Roma
1296 2230 1401 2296 Erant

250 2331 335 2403 enim
362 2337 445 2403 cives
467 2339 624 2404 ulmeuses
653 2340 767 2404 divites
790 2344 822 2404 et
851 2338 1030 2424 magnifici,
1061 2337 1100 2402 ad
1123 2337 1231 2402 diviua
1252 2359 1285 2401 se
1308 2335 1400 2400 valde

253 2444 332 2508 bene
353 2443 517 2508 habentes.
886 2439 887 2442 ’

148 2736 251 2817 2¹}ss
767 2739 835 2811 Gap.
860 2742 885 2796 2.

212 2849 218 2860 Ι
251 2892 480 2969 Quomodo
518 2889 644 2957 Ulma
677 2893 784 2955 data
818 2889 913 2955 fuit
947 2890 1237 2954 monasterio
1270 2887 1400 2954 Owiae
1522 2885 1523 2930 l

740 3035 917 3097 magum

338 3181 457 3246 Karolo
474 3180 593 3266 Magno
615 3201 699 3244 anno
722 3179 842 3244 domini
865 3180 927 3244 805
947 3184 1112 3265 regnante,
1132 3201 1204 3244 cum
1226 3179 1291 3244 iam
1306 3178 1402 3263 plura

250 3288 443 3351 monasteria
471 3286 589 3351 ordinis
617 3285 718 3350 sancti
740 3282 903 3350 Benedicti
935 3285 1127 3349 instituisset
1154 3288 1186 3349 et
1213 3283 1399 3372 collegiatus

251 3392 397 3456 ecclesias
420 3391 584 3456 fundasset
606 3395 638 3455 et
659 3390 753 3454 bonis
776 3390 1005 3474 temporalibus
1022 3391 1171 3468 dotasset,
1195 3389 1321 3475 aliquos
1343 3389 1403 3454 ab·

251 3497 341 3561 batos
364 3497 403 3561 ed
426 3497 568 3562 decorem
591 3495 715 3579 imperii
739 3493 875 3560 Romani
899 3495 1056 3579 principes
1072 3494 1256 3579 spirituales
1276 3495 1403 3578 imperii

252 3623 319 3666 esse
334 3601 445 3679 voluit,
469 3601 576 3687 eisque
592 3601 631 3665 ad
647 3601 708 3665 hoc
723 3602 967 3684 competentiam
988 3601 1212 3683 temporalium
1230 3601 1399 3686 delegarit

252 3703 424 3790 Indignum
462 3706 546 3770 enim
583 3705 772 3791 magnificus
805 3707 838 3769 et
873 3705 1040 3790 religiosus
1071 3705 1217 3790 princeps
1246 3705 1402 3789 judicavit

174 3819 240 3898 „dg
251 3809 419 3892 imperium
442 3810 559 3874 habere
581 3814 708 3874 tantum
723 3831 801 3874 auro
816 3809 977 3896 fulgentes
994 3810 1152 3895 principes
1168 3815 1201 3876 et
1216 3833 1279 3876 non
1297 3811 1401 3896 magis

252 3915 365 3979 habitu
387 3919 503 3980 sauctae
526 3915 689 4001 religionis
718 3919 857 3980 ornatos.
910 3913 1034 3979 ¹Porro
1057 3915 1274 4000 superioribus
1297 3915 1401 3994 suuis,

252 4019 372 4085 scilicet
388 4042 471 4084 anuo
488 4019 607 4084 domiui
624 4020 685 4084 717
705 4025 833 4084 venerat
849 4025 977 4084 sanctus
996 4019 1175 4085 Per-minius
1195 4021 1233 4084 ad
1253 4020 1402 4108 Augiam,

252 4148 322 4191 eam
352 4125 503 4209 repletam
536 4125 735 4210 serpentibus
767 4129 799 4189 et
830 4125 993 4190 venenosis
1023 4125 1213 4190 animalibus
1242 4127 1402 4210 reperiens

252 4230 440 4295 miraculose
471 4231 622 4314 purgavit
652 4235 685 4294 et
712 4232 942 4296 monasterium
966 4231 1125 4311 instituit,
1159 4255 1179 4295 a
1201 4253 1265 4316 quo
1295 4236 1401 4296 tamen

818 4357 836 4396 s

325 4439 337 4493 l
358 4437 467 4494 Porro.
487 4475 494 4489 .
514 4477 520 4491 .
541 4479 546 4490 .
566 4437 663 4507 pulsus
682 4437 739 4490 fuit
757 4437 832 4492 fehlt
851 4439 894 4494 bei
914 4439 993 4495 Gold.
1015 4439 1055 4493 rr.
1076 4441 1106 4493 et
1128 4438 1199 4494 Ulm.
1218 4457 1244 4494 u.
1264 4439 1337 4496 Mon.
1359 4440 1381 4492 l.
