3014 4926
762 273 824 344 152
864 274 865 277 ’

369 455 479 523 Jesum
501 458 639 540 querunt
660 475 717 538 per
738 452 822 520 Jude
843 453 1153 520 demonstrationem.

372 561 480 647 Ipsum
503 561 606 646 primo
629 559 832 645 quesiverunt
853 559 887 623 in
910 558 1003 624 domo
1025 582 1089 644 que
1111 560 1243 641 cenavit,

372 667 455 732 Eum
478 665 581 731 adhuc
602 665 648 729 ibi
670 663 738 728 fore
760 665 895 730 traditor
916 665 1057 750 putarit3

295 790 347 828 ⁴⁴1⁰
374 771 434 837 Sed
456 794 527 836 cum
549 771 595 835 ibi
617 769 747 835 minime
767 767 878 834 Jesum
899 770 1099 847 invenerunt,

373 873 425 942 Ad
447 876 577 942 hortum
599 874 684 942 Juda
704 875 894 959 perducente
916 875 980 940 cito
1001 879 1236 941 concurrerunt.

223 1195 328 1280 Quod
342 1195 452 1270 Jesus
472 1195 510 1267 in
532 1195 703 1268 oratione
724 1193 875 1268 sudavit
901 1194 1148 1290 sanguineum
1177 1193 1362 1267 sudorem.

376 1403 437 1470 Sed
460 1407 630 1488 antequem
653 1403 796 1468 venirent
818 1401 862 1480 hi,
885 1400 979 1468 Jesue
1002 1403 1201 1487 relinquebat

378 1507 416 1574 In
439 1509 532 1574 horto
556 1508 734 1592 discipulos,
757 1507 896 1591 ipsisque
918 1507 1059 1572 dicebat:

381 1612 461 1678 »Hic
483 1613 595 1692 sedete,
620 1614 717 1679 donec
740 1635 799 1699 ego
823 1613 933 1678 vadem
957 1613 997 1676 ed
1019 1612 1182 1692 erendum,

300 1737 353 1778 ⁴41⁶
379 1719 424 1784 Et
445 1719 485 1783 ad
507 1722 630 1803 patrem
652 1719 706 1803 qui
727 1739 778 1782 me
800 1717 887 1782 misit
910 1717 948 1781 de
970 1717 1044 1781 celis
1067 1717 1305 1783 invocandum«

380 1825 424 1890 Et
446 1827 607 1908 assumpto
630 1845 733 1888 secum
756 1821 852 1888 Petro
876 1843 947 1886 cum
968 1821 1052 1886 binis
1075 1821 1221 1888 Zebedeis

380 1927 428 1994 Ac
450 1929 490 1993 ad
512 1930 630 1994 iactum
653 1928 767 2013 lapidis
790 1927 918 1993 evulsus
941 1931 989 1992 est
1011 1927 1051 1992 eb
1075 1927 1129 2006 eis,

380 2032 491 2118 Ibique
514 2034 675 2118 discipulis
697 2034 800 2098 tribus
823 2033 869 2098 eit
891 2032 982 2098 istis:

384 2137 475 2202 »Mea
496 2160 580 2202 nunc
601 2142 649 2203 est
671 2138 777 2202 anime
798 2138 838 2201 ed
860 2143 994 2202 mortem
1017 2159 1116 2222 usque
1138 2136 1258 2215 tristis;

305 2261 356 2299 ⁴⁴2⁰
383 2241 420 2308 ln
443 2243 504 2307 hoc
525 2242 595 2308 loco
616 2243 757 2322 residete,
780 2263 902 2308 mecum
925 2242 1065 2329 vigilate,

382 2348 427 2412 Et
448 2370 504 2432 par
525 2352 649 2431 tempus
671 2348 828 2413 modicum
849 2352 976 2413 orantes
999 2349 1189 2433 expectate«

384 2452 473 2518 Tunc
496 2453 665 2546 procedens
687 2453 851 2538 paululum
872 2453 907 2518 in
929 2455 1048 2518 terram
1070 2473 1103 2516 sa
1125 2449 1309 2535 prostravit,

384 2556 432 2622 Ac
454 2557 492 2622 de
513 2557 587 2622 celis
609 2561 731 2642 petrem
753 2580 846 2624 suum
868 2557 918 2623 bis
940 2557 1044 2623 verbis
1066 2555 1228 2622 adoravitt

388 2661 501 2726 »Peter
524 2660 577 2739 mi,
600 2660 628 2724 si
648 2660 716 2726 fieri
739 2665 853 2746 potest,
875 2661 927 2726 fec
947 2661 1083 2727 transire

308 2785 359 2824 4⁴2⁶
387 2766 416 2830 A
439 2787 489 2831 me
512 2765 604 2831 modo
627 2765 753 2831 calicem
776 2767 871 2846 hunc,
893 2770 1000 2831 temen
1022 2766 1149 2832 obedire

386 2871 520 2936 Peretus
543 2894 613 2937 sum
635 2871 669 2935 in
691 2871 837 2937 omnibus
859 2875 914 2936 tue
937 2871 1102 2951 voluntati,

386 2976 421 3044 Si
443 2977 485 3042 sit
506 2977 566 3042 tibi
588 2976 739 3061 placitum
761 2979 895 3042 mortem
917 2976 989 3041 volo
1013 2976 1108 3060 pati«

389 3083 438 3147 Ad
462 3081 572 3148 Jeeum
594 3082 682 3147 venit
703 3082 835 3166 angelus
857 3082 913 3166 qui
935 3081 996 3146 sibi
1018 3079 1216 3166 loquebatur,

389 3187 578 3253 Confertans
601 3186 862 3274 benignissimum
884 3185 970 3250 hunc
991 3185 1223 3251 consolebatur.

311 3315 363 3352 uso
389 3293 466 3360 Inde
488 3292 580 3357 Jesus
603 3295 713 3376 raptus
734 3295 782 3356 est
803 3291 838 3355 in
859 3290 975 3355 mentis
999 3291 1157 3375 agoniam,

342 3437 345 3444 ,
389 3401 434 3466 Et
455 3421 549 3464 orans
572 3397 724 3482 prolixius
743 3395 921 3461 benedixit
942 3395 1165 3479 psalmodiam:

392 3503 496 3570 »Deus
518 3523 607 3568 mens
629 3501 777 3586 respice«,
801 3501 958 3585 psalmum
979 3499 1150 3580 inchoavit,

393 3608 451 3674 »In
473 3613 504 3674 te
526 3607 681 3694 speravi«,
705 3607 842 3674 medium
865 3627 964 3691 usque
986 3603 1226 3670 consummavit.

391 3715 506 3780 Decem
528 3718 559 3778 et
581 3713 745 3778 dimidium
768 3711 904 3797 psalmos
926 3711 1095 3796 peroravit,

313 3839 366 3879 uec
393 3818 557 3902 Oransqne
579 3817 731 3902 prolixius
753 3816 939 3903 sanguinem
961 3813 1103 3890 sudevit3

393 3925 556 4009 Sudorque
577 3922 770 4008 sanguineus
791 3921 824 3986 in
848 3925 966 3986 terram
987 3915 1155 3995 defluebat,

393 4028 528 4094 Teutam
551 4050 626 4093 nem
648 4027 813 4092 tristitiem
834 4023 1016 4090 humanitas
1038 4021 1185 4087 habebat.

394 4133 548 4199 Reversus
572 4134 611 4198 ed
634 4133 813 4216 discipulos,
835 4131 908 4195 illos
931 4127 1120 4194 dormientes

394 4239 529 4316 invenit,
553 4239 593 4303 ob
618 4236 782 4301 tristitiem
804 4235 876 4300 illos
899 4232 1104 4297 tabescentes.

318 4365 369 4406 uro
398 4343 536 4423 isimon,
559 4343 708 4424 dormis«,
731 4342 778 4408 eit
798 4339 903 4420 Petro,
928 4340 984 4406 »tu
1005 4359 1069 4407 non
1092 4334 1226 4426 Publicii
