<?xml version="1.0" encoding="UTF-8"?>
<!DOCTYPE html PUBLIC "-//W3C//DTD XHTML 1.0 Transitional//EN"
    "http://www.w3.org/TR/xhtml1/DTD/xhtml1-transitional.dtd">
<html xmlns="http://www.w3.org/1999/xhtml" xml:lang="en" lang="en">
 <head>
  <title>
</title>
<meta http-equiv="Content-Type" content="text/html;charset=utf-8" />
  <meta name='ocr-system' content='tesseract 3.04.00' />
  <meta name='ocr-capabilities' content='ocr_page ocr_carea ocr_par ocr_line ocrx_word'/>
</head>
<body>
  <div class='ocr_page' id='page_1' title='image "./vitabeatevirgin01vggoog_0119.png"; bbox 0 0 3014 4926; ppageno 0'>
   <div class='ocr_carea' id='block_1_1' title="bbox 663 363 724 428">
    <p class='ocr_par' dir='ltr' id='par_1_1' title="bbox 663 363 724 428">
     <span class='ocr_line' id='line_1_1' title="bbox 663 363 724 428; baseline 0 0"><span class='ocrx_word' id='word_1_1' title='bbox 663 363 724 428; x_wconf 93' lang='lat' dir='ltr'>lll</span> 
     </span>
    </p>
   </div>
   <div class='ocr_carea' id='block_1_2' title="bbox 202 533 1015 730">
    <p class='ocr_par' dir='ltr' id='par_1_2' title="bbox 202 533 1015 730">
     <span class='ocr_line' id='line_1_2' title="bbox 202 533 999 619; baseline 0.018 -30"><span class='ocrx_word' id='word_1_2' title='bbox 202 553 256 592; x_wconf 71' lang='lat' dir='ltr'>aar</span> <span class='ocrx_word' id='word_1_3' title='bbox 281 533 355 602; x_wconf 83' lang='lat' dir='ltr'>Non</span> <span class='ocrx_word' id='word_1_4' title='bbox 379 535 510 602; x_wconf 81' lang='lat' dir='ltr'>luerunt</span> <span class='ocrx_word' id='word_1_5' title='bbox 530 535 677 619; x_wconf 76' lang='lat' dir='ltr'><strong>squalidi,</strong></span> <span class='ocrx_word' id='word_1_6' title='bbox 701 557 758 601; x_wconf 82' lang='lat' dir='ltr'>neo</span> <span class='ocrx_word' id='word_1_7' title='bbox 779 540 870 601; x_wconf 86' lang='lat' dir='ltr'>erant</span> <span class='ocrx_word' id='word_1_8' title='bbox 891 536 999 602; x_wconf 82' lang='lat' dir='ltr'>infecti</span> 
     </span>
     <span class='ocr_line' id='line_1_3' title="bbox 278 639 1015 730; baseline 0.001 -24"><span class='ocrx_word' id='word_1_9' title='bbox 278 639 397 726; x_wconf 86' lang='lat' dir='ltr'>Aliqua</span> <span class='ocrx_word' id='word_1_10' title='bbox 417 640 575 730; x_wconf 82' lang='lat' dir='ltr'>rubigine,</span> <span class='ocrx_word' id='word_1_11' title='bbox 599 641 653 706; x_wconf 91' lang='lat' dir='ltr'>sed</span> <span class='ocrx_word' id='word_1_12' title='bbox 675 640 804 706; x_wconf 89' lang='lat' dir='ltr'>stabant</span> <span class='ocrx_word' id='word_1_13' title='bbox 826 641 906 707; x_wconf 86' lang='lat' dir='ltr'>bene</span> <span class='ocrx_word' id='word_1_14' title='bbox 928 642 1015 708; x_wconf 87' lang='lat' dir='ltr'>reoti.</span> 
     </span>
    </p>
   </div>
   <div class='ocr_carea' id='block_1_3' title="bbox 278 745 1068 938">
    <p class='ocr_par' dir='ltr' id='par_1_3' title="bbox 278 745 1068 938">
     <span class='ocr_line' id='line_1_4' title="bbox 278 745 1068 833; baseline 0.003 -21"><span class='ocrx_word' id='word_1_15' title='bbox 278 745 353 812; x_wconf 89' lang='lat' dir='ltr'>Non</span> <span class='ocrx_word' id='word_1_16' title='bbox 375 747 463 812; x_wconf 86' lang='lat' dir='ltr'>curvi</span> <span class='ocrx_word' id='word_1_17' title='bbox 486 746 719 833; x_wconf 79' lang='lat' dir='ltr'>longitudinem</span> <span class='ocrx_word' id='word_1_18' title='bbox 742 745 881 812; x_wconf 87' lang='lat' dir='ltr'>debitam</span> <span class='ocrx_word' id='word_1_19' title='bbox 904 747 1068 827; x_wconf 83' lang='lat' dir='ltr'>babentes,</span> 
     </span>
     <span class='ocr_line' id='line_1_5' title="bbox 278 850 917 938; baseline -0.003 -19"><span class='ocrx_word' id='word_1_20' title='bbox 278 852 434 920; x_wconf 81' lang='lat' dir='ltr'>Universo</span> <span class='ocrx_word' id='word_1_21' title='bbox 456 852 535 917; x_wconf 86' lang='lat' dir='ltr'>vitio</span> <span class='ocrx_word' id='word_1_22' title='bbox 558 850 744 938; x_wconf 77' lang='lat' dir='ltr'>defectuque</span> <span class='ocrx_word' id='word_1_23' title='bbox 765 857 917 918; x_wconf 78' lang='lat' dir='ltr'>carentes.</span> 
     </span>
    </p>
   </div>
   <div class='ocr_carea' id='block_1_4' title="bbox 522 1093 876 1188">
    <p class='ocr_par' dir='ltr' id='par_1_4' title="bbox 522 1093 876 1188">
     <span class='ocr_line' id='line_1_6' title="bbox 522 1093 876 1188; baseline -0.006 -22"><span class='ocrx_word' id='word_1_24' title='bbox 522 1093 576 1166; x_wconf 89' lang='lat' dir='ltr'>De</span> <span class='ocrx_word' id='word_1_25' title='bbox 603 1093 733 1188; x_wconf 87' lang='lat' dir='ltr'>lingua</span> <span class='ocrx_word' id='word_1_26' title='bbox 759 1093 876 1188; x_wconf 54' lang='lat' dir='ltr'>Jssu„</span> 
     </span>
    </p>
   </div>
   <div class='ocr_carea' id='block_1_5' title="bbox 196 1268 1173 2728">
    <p class='ocr_par' dir='ltr' id='par_1_5' title="bbox 279 1268 1005 1356">
     <span class='ocr_line' id='line_1_7' title="bbox 279 1268 1005 1356; baseline 0.003 -22"><span class='ocrx_word' id='word_1_27' title='bbox 279 1268 404 1355; x_wconf 83' lang='lat' dir='ltr'>Lingua</span> <span class='ocrx_word' id='word_1_28' title='bbox 426 1270 489 1334; x_wconf 87' lang='lat' dir='ltr'>fuit</span> <span class='ocrx_word' id='word_1_29' title='bbox 511 1271 661 1356; x_wconf 85' lang='lat' dir='ltr'>eloquens</span> <span class='ocrx_word' id='word_1_30' title='bbox 684 1269 784 1335; x_wconf 85' lang='lat' dir='ltr'>dulcis</span> <span class='ocrx_word' id='word_1_31' title='bbox 806 1275 839 1336; x_wconf 88' lang='lat' dir='ltr'>et</span> <span class='ocrx_word' id='word_1_32' title='bbox 860 1270 1005 1352; x_wconf 80' lang='lat' dir='ltr'>facunda,</span> 
     </span>
    </p>

    <p class='ocr_par' dir='ltr' id='par_1_6' title="bbox 198 1373 1173 1881">
     <span class='ocr_line' id='line_1_8' title="bbox 198 1373 1161 1460; baseline 0.016 -35"><span class='ocrx_word' id='word_1_33' title='bbox 198 1393 251 1430; x_wconf 64' lang='lat' dir='ltr'>aros</span> <span class='ocrx_word' id='word_1_34' title='bbox 276 1373 352 1439; x_wconf 86' lang='lat' dir='ltr'>Non</span> <span class='ocrx_word' id='word_1_35' title='bbox 373 1374 557 1459; x_wconf 85' lang='lat' dir='ltr'>promptula</span> <span class='ocrx_word' id='word_1_36' title='bbox 578 1373 628 1439; x_wconf 87' lang='lat' dir='ltr'>vel</span> <span class='ocrx_word' id='word_1_37' title='bbox 650 1375 791 1460; x_wconf 85' lang='lat' dir='ltr'>garrula,</span> <span class='ocrx_word' id='word_1_38' title='bbox 815 1376 869 1440; x_wconf 87' lang='lat' dir='ltr'>sed</span> <span class='ocrx_word' id='word_1_39' title='bbox 891 1376 954 1441; x_wconf 90' lang='lat' dir='ltr'>fuit</span> <span class='ocrx_word' id='word_1_40' title='bbox 977 1377 1161 1442; x_wconf 79' lang='lat' dir='ltr'>verecunda.</span> 
     </span>
     <span class='ocr_line' id='line_1_9' title="bbox 275 1479 1131 1565; baseline 0.001 -20"><span class='ocrx_word' id='word_1_41' title='bbox 275 1479 349 1545; x_wconf 89' lang='lat' dir='ltr'>Non</span> <span class='ocrx_word' id='word_1_42' title='bbox 373 1481 437 1546; x_wconf 83' lang='lat' dir='ltr'>fuit</span> <span class='ocrx_word' id='word_1_43' title='bbox 458 1479 682 1565; x_wconf 73' lang='lat' dir='ltr'>multiloquax,</span> <span class='ocrx_word' id='word_1_44' title='bbox 705 1501 762 1546; x_wconf 82' lang='lat' dir='ltr'>noo</span> <span class='ocrx_word' id='word_1_45' title='bbox 784 1503 876 1560; x_wconf 83' lang='lat' dir='ltr'>vana,</span> <span class='ocrx_word' id='word_1_46' title='bbox 899 1503 956 1546; x_wconf 87' lang='lat' dir='ltr'>neo</span> <span class='ocrx_word' id='word_1_47' title='bbox 978 1482 1131 1559; x_wconf 78' lang='lat' dir='ltr'>clamosa;</span> 
     </span>
     <span class='ocr_line' id='line_1_10' title="bbox 276 1585 976 1671; baseline -0.003 -19"><span class='ocrx_word' id='word_1_48' title='bbox 276 1585 344 1652; x_wconf 84' lang='lat' dir='ltr'>Neo</span> <span class='ocrx_word' id='word_1_49' title='bbox 366 1590 435 1651; x_wconf 86' lang='lat' dir='ltr'>erat</span> <span class='ocrx_word' id='word_1_50' title='bbox 456 1585 696 1671; x_wconf 74' lang='lat' dir='ltr'>magniloquax,</span> <span class='ocrx_word' id='word_1_51' title='bbox 718 1607 775 1651; x_wconf 88' lang='lat' dir='ltr'>neo</span> <span class='ocrx_word' id='word_1_52' title='bbox 797 1586 976 1667; x_wconf 83' lang='lat' dir='ltr'>ambitiosa,</span> 
     </span>
     <span class='ocr_line' id='line_1_11' title="bbox 275 1689 1173 1778; baseline -0.003 -21"><span class='ocrx_word' id='word_1_53' title='bbox 275 1689 351 1757; x_wconf 84' lang='lat' dir='ltr'>Non</span> <span class='ocrx_word' id='word_1_54' title='bbox 374 1691 498 1776; x_wconf 88' lang='lat' dir='ltr'>fuitque</span> <span class='ocrx_word' id='word_1_55' title='bbox 520 1691 710 1770; x_wconf 71' lang='lat' dir='ltr'>balbutiens,</span> <span class='ocrx_word' id='word_1_56' title='bbox 733 1713 790 1756; x_wconf 87' lang='lat' dir='ltr'>neo</span> <span class='ocrx_word' id='word_1_57' title='bbox 813 1692 981 1778; x_wconf 81' lang='lat' dir='ltr'>quiequam</span> <span class='ocrx_word' id='word_1_58' title='bbox 1004 1689 1173 1770; x_wconf 76' lang='lat' dir='ltr'>hesitabat,</span> 
     </span>
     <span class='ocr_line' id='line_1_12' title="bbox 276 1795 1004 1881; baseline -0.001 -19"><span class='ocrx_word' id='word_1_59' title='bbox 276 1795 388 1881; x_wconf 85' lang='lat' dir='ltr'>Neque</span> <span class='ocrx_word' id='word_1_60' title='bbox 409 1797 472 1860; x_wconf 83' lang='lat' dir='ltr'>fuit</span> <span class='ocrx_word' id='word_1_61' title='bbox 492 1796 635 1862; x_wconf 79' lang='lat' dir='ltr'>titubans</span> <span class='ocrx_word' id='word_1_62' title='bbox 658 1799 691 1862; x_wconf 93' lang='lat' dir='ltr'>et</span> <span class='ocrx_word' id='word_1_63' title='bbox 712 1796 793 1862; x_wconf 91' lang='lat' dir='ltr'>nibil</span> <span class='ocrx_word' id='word_1_64' title='bbox 816 1797 1004 1881; x_wconf 78' lang='lat' dir='ltr'>palpitabat.</span> 
     </span>
    </p>

    <p class='ocr_par' dir='ltr' id='par_1_7' title="bbox 196 1899 1090 2410">
     <span class='ocr_line' id='line_1_13' title="bbox 196 1899 950 1986; baseline 0.003 -22"><span class='ocrx_word' id='word_1_65' title='bbox 196 1921 249 1957; x_wconf 72' lang='lat'><strong>⁸2¹⁰</strong></span> <span class='ocrx_word' id='word_1_66' title='bbox 277 1899 371 1980; x_wconf 79' lang='lat' dir='ltr'>Vera,</span> <span class='ocrx_word' id='word_1_67' title='bbox 394 1902 489 1980; x_wconf 86' lang='lat' dir='ltr'>iusta,</span> <span class='ocrx_word' id='word_1_68' title='bbox 512 1902 645 1986; x_wconf 81' lang='lat' dir='ltr'>provida</span> <span class='ocrx_word' id='word_1_69' title='bbox 665 1901 730 1966; x_wconf 86' lang='lat' dir='ltr'>fuit</span> <span class='ocrx_word' id='word_1_70' title='bbox 752 1906 784 1968; x_wconf 91' lang='lat' dir='ltr'>et</span> <span class='ocrx_word' id='word_1_71' title='bbox 805 1903 950 1980; x_wconf 85' lang='lat' dir='ltr'>discreta,</span> 
     </span>
     <span class='ocr_line' id='line_1_14' title="bbox 277 2007 987 2092; baseline -0.004 -19"><span class='ocrx_word' id='word_1_72' title='bbox 277 2007 386 2086; x_wconf 86' lang='lat' dir='ltr'>Recta,</span> <span class='ocrx_word' id='word_1_73' title='bbox 409 2007 472 2092; x_wconf 90' lang='lat' dir='ltr'>pia,</span> <span class='ocrx_word' id='word_1_74' title='bbox 494 2007 626 2092; x_wconf 86' lang='lat' dir='ltr'>placida,</span> <span class='ocrx_word' id='word_1_75' title='bbox 650 2007 737 2072; x_wconf 86' lang='lat' dir='ltr'>mitis</span> <span class='ocrx_word' id='word_1_76' title='bbox 759 2011 791 2072; x_wconf 84' lang='lat' dir='ltr'>et</span> <span class='ocrx_word' id='word_1_77' title='bbox 811 2011 987 2072; x_wconf 84' lang='lat' dir='ltr'>mansueta.</span> 
     </span>
     <span class='ocr_line' id='line_1_15' title="bbox 275 2110 1041 2192; baseline -0.001 -15"><span class='ocrx_word' id='word_1_78' title='bbox 275 2110 350 2178; x_wconf 88' lang='lat' dir='ltr'>Non</span> <span class='ocrx_word' id='word_1_79' title='bbox 373 2111 436 2177; x_wconf 85' lang='lat' dir='ltr'>fuit</span> <span class='ocrx_word' id='word_1_80' title='bbox 457 2111 627 2192; x_wconf 87' lang='lat' dir='ltr'>instabilis,</span> <span class='ocrx_word' id='word_1_81' title='bbox 650 2113 704 2178; x_wconf 82' lang='lat' dir='ltr'>aed</span> <span class='ocrx_word' id='word_1_82' title='bbox 727 2117 796 2178; x_wconf 87' lang='lat' dir='ltr'>erat</span> <span class='ocrx_word' id='word_1_83' title='bbox 818 2113 876 2178; x_wconf 86' lang='lat' dir='ltr'>heo</span> <span class='ocrx_word' id='word_1_84' title='bbox 897 2117 1041 2188; x_wconf 88' lang='lat' dir='ltr'>matura;</span> 
     </span>
     <span class='ocr_line' id='line_1_16' title="bbox 274 2217 1090 2304; baseline -0.005 -20"><span class='ocrx_word' id='word_1_85' title='bbox 274 2217 343 2284; x_wconf 79' lang='lat' dir='ltr'>Neo</span> <span class='ocrx_word' id='word_1_86' title='bbox 364 2219 428 2284; x_wconf 87' lang='lat' dir='ltr'>fuit</span> <span class='ocrx_word' id='word_1_87' title='bbox 449 2219 624 2298; x_wconf 87' lang='lat' dir='ltr'>mutabilis,</span> <span class='ocrx_word' id='word_1_88' title='bbox 648 2241 705 2284; x_wconf 89' lang='lat' dir='ltr'>neo</span> <span class='ocrx_word' id='word_1_89' title='bbox 728 2241 854 2302; x_wconf 84' lang='lat' dir='ltr'>procax,</span> <span class='ocrx_word' id='word_1_90' title='bbox 877 2239 980 2304; x_wconf 83' lang='lat' dir='ltr'>neque</span> <span class='ocrx_word' id='word_1_91' title='bbox 1002 2217 1090 2296; x_wconf 89' lang='lat' dir='ltr'>dura,</span> 
     </span>
     <span class='ocr_line' id='line_1_17' title="bbox 275 2323 962 2410; baseline 0.001 -21"><span class='ocrx_word' id='word_1_92' title='bbox 275 2323 362 2390; x_wconf 88' lang='lat' dir='ltr'>Bene</span> <span class='ocrx_word' id='word_1_93' title='bbox 383 2325 614 2409; x_wconf 80' lang='lat' dir='ltr'>persuadibilis,</span> <span class='ocrx_word' id='word_1_94' title='bbox 637 2326 775 2390; x_wconf 88' lang='lat' dir='ltr'>multum</span> <span class='ocrx_word' id='word_1_95' title='bbox 797 2327 962 2410; x_wconf 77' lang='lat' dir='ltr'>expedita3</span> 
     </span>
    </p>

    <p class='ocr_par' dir='ltr' id='par_1_8' title="bbox 196 2419 1046 2728">
     <span class='ocr_line' id='line_1_18' title="bbox 196 2419 1046 2516; baseline 0.004 -23"><span class='ocrx_word' id='word_1_96' title='bbox 196 2447 249 2484; x_wconf 76' lang='lat'>³2¹⁶</span> <span class='ocrx_word' id='word_1_97' title='bbox 279 2427 351 2494; x_wconf 80' lang='lat' dir='ltr'>Fuit</span> <span class='ocrx_word' id='word_1_98' title='bbox 373 2435 406 2494; x_wconf 87' lang='lat' dir='ltr'>et</span> <span class='ocrx_word' id='word_1_99' title='bbox 428 2431 582 2510; x_wconf 82' lang='lat' dir='ltr'>docibilis,</span> <span class='ocrx_word' id='word_1_100' title='bbox 606 2430 753 2516; x_wconf 66' lang='lat' dir='ltr'>prudens</span> <span class='ocrx_word' id='word_1_101' title='bbox 776 2419 910 2509; x_wconf 84' lang='lat' dir='ltr'>erudita,</span> <span class='ocrx_word' id='word_1_102' title='bbox 1037 2433 1046 2450; x_wconf 74' lang='lat'><strong>⁴</strong></span> 
     </span>
     <span class='ocr_line' id='line_1_19' title="bbox 277 2535 893 2623; baseline 0.002 -24"><span class='ocrx_word' id='word_1_103' title='bbox 277 2535 382 2620; x_wconf 78' lang='lat' dir='ltr'>Agilis</span> <span class='ocrx_word' id='word_1_104' title='bbox 404 2539 436 2600; x_wconf 87' lang='lat' dir='ltr'>et</span> <span class='ocrx_word' id='word_1_105' title='bbox 457 2537 582 2620; x_wconf 86' lang='lat' dir='ltr'>sapiens</span> <span class='ocrx_word' id='word_1_106' title='bbox 605 2535 669 2602; x_wconf 82' lang='lat' dir='ltr'>luit</span> <span class='ocrx_word' id='word_1_107' title='bbox 690 2541 723 2602; x_wconf 87' lang='lat' dir='ltr'>et</span> <span class='ocrx_word' id='word_1_108' title='bbox 745 2537 893 2623; x_wconf 81' lang='lat' dir='ltr'>benigna,</span> 
     </span>
     <span class='ocr_line' id='line_1_20' title="bbox 276 2637 1044 2728; baseline -0.003 -22"><span class='ocrx_word' id='word_1_109' title='bbox 276 2637 349 2706; x_wconf 84' lang='lat' dir='ltr'>Non</span> <span class='ocrx_word' id='word_1_110' title='bbox 371 2640 546 2728; x_wconf 81' lang='lat' dir='ltr'>obiurgans</span> <span class='ocrx_word' id='word_1_111' title='bbox 568 2641 706 2726; x_wconf 87' lang='lat' dir='ltr'>aliquem</span> <span class='ocrx_word' id='word_1_112' title='bbox 730 2642 791 2706; x_wconf 86' lang='lat' dir='ltr'>luit</span> <span class='ocrx_word' id='word_1_113' title='bbox 814 2663 871 2706; x_wconf 83' lang='lat' dir='ltr'>neo</span> <span class='ocrx_word' id='word_1_114' title='bbox 893 2640 1044 2725; x_wconf 81' lang='lat' dir='ltr'>maligna.</span> 
     </span>
    </p>
   </div>
   <div class='ocr_carea' id='block_1_6' title="bbox 485 2875 898 2970">
    <p class='ocr_par' dir='ltr' id='par_1_9' title="bbox 485 2875 898 2970">
     <span class='ocr_line' id='line_1_21' title="bbox 485 2875 898 2970; baseline 0.005 -24"><span class='ocrx_word' id='word_1_115' title='bbox 485 2875 538 2948; x_wconf 85' lang='lat' dir='ltr'>De</span> <span class='ocrx_word' id='word_1_116' title='bbox 565 2875 767 2970; x_wconf 86' lang='lat' dir='ltr'>spiramine</span> <span class='ocrx_word' id='word_1_117' title='bbox 794 2875 898 2948; x_wconf 75' lang='lat' dir='ltr'>lesu.</span> 
     </span>
    </p>
   </div>
   <div class='ocr_carea' id='block_1_7' title="bbox 275 3055 931 3230">
    <p class='ocr_par' dir='ltr' id='par_1_10' title="bbox 275 3055 931 3230">
     <span class='ocr_line' id='line_1_22' title="bbox 277 3055 931 3126; baseline 0 -2"><span class='ocrx_word' id='word_1_118' title='bbox 277 3055 488 3124; x_wconf 70' lang='lat' dir='ltr'>serviamus</span> <span class='ocrx_word' id='word_1_119' title='bbox 510 3059 671 3125; x_wconf 87' lang='lat' dir='ltr'>anhelitus</span> <span class='ocrx_word' id='word_1_120' title='bbox 691 3059 755 3126; x_wconf 84' lang='lat' dir='ltr'>fuit</span> <span class='ocrx_word' id='word_1_121' title='bbox 777 3059 844 3125; x_wconf 86' lang='lat' dir='ltr'>eius</span> <span class='ocrx_word' id='word_1_122' title='bbox 867 3060 931 3126; x_wconf 84' lang='lat' dir='ltr'>oris</span> 
     </span>
     <span class='ocr_line' id='line_1_23' title="bbox 275 3161 883 3230; baseline 0.007 -4"><span class='ocrx_word' id='word_1_123' title='bbox 275 3161 323 3226; x_wconf 87' lang='lat' dir='ltr'>Ae</span> <span class='ocrx_word' id='word_1_124' title='bbox 345 3163 568 3229; x_wconf 87' lang='lat' dir='ltr'>inestimabilis</span> <span class='ocrx_word' id='word_1_125' title='bbox 591 3165 691 3230; x_wconf 86' lang='lat' dir='ltr'>duleis</span> <span class='ocrx_word' id='word_1_126' title='bbox 714 3170 746 3230; x_wconf 91' lang='lat' dir='ltr'>et</span> <span class='ocrx_word' id='word_1_127' title='bbox 768 3167 883 3230; x_wconf 90' lang='lat' dir='ltr'>odoris.</span> 
     </span>
    </p>
   </div>
   <div class='ocr_carea' id='block_1_8' title="bbox 523 3405 856 3478">
    <p class='ocr_par' dir='ltr' id='par_1_11' title="bbox 523 3405 856 3478">
     <span class='ocr_line' id='line_1_24' title="bbox 523 3405 856 3478; baseline 0.003 -1"><span class='ocrx_word' id='word_1_128' title='bbox 523 3405 577 3478; x_wconf 88' lang='lat' dir='ltr'>De</span> <span class='ocrx_word' id='word_1_129' title='bbox 605 3407 722 3478; x_wconf 86' lang='lat' dir='ltr'>barba</span> <span class='ocrx_word' id='word_1_130' title='bbox 752 3405 856 3478; x_wconf 83' lang='lat' dir='ltr'>Jesu.</span> 
     </span>
    </p>
   </div>
   <div class='ocr_carea' id='block_1_9' title="bbox 200 3586 1181 4413">
    <p class='ocr_par' dir='ltr' id='par_1_12' title="bbox 202 3586 1181 4097">
     <span class='ocr_line' id='line_1_25' title="bbox 202 3586 1000 3673; baseline -0.003 -19"><span class='ocrx_word' id='word_1_131' title='bbox 202 3605 251 3644; x_wconf 72' lang='lat'>³²²⁰</span> <span class='ocrx_word' id='word_1_132' title='bbox 278 3586 354 3654; x_wconf 84' lang='lat' dir='ltr'>Jean</span> <span class='ocrx_word' id='word_1_133' title='bbox 378 3587 479 3653; x_wconf 83' lang='lat' dir='ltr'>barba</span> <span class='ocrx_word' id='word_1_134' title='bbox 501 3587 595 3673; x_wconf 83' lang='lat' dir='ltr'>nigra</span> <span class='ocrx_word' id='word_1_135' title='bbox 616 3587 688 3668; x_wconf 87' lang='lat' dir='ltr'>fuit,</span> <span class='ocrx_word' id='word_1_136' title='bbox 713 3591 745 3652; x_wconf 86' lang='lat' dir='ltr'>et</span> <span class='ocrx_word' id='word_1_137' title='bbox 766 3587 891 3672; x_wconf 84' lang='lat' dir='ltr'>prolixa</span> <span class='ocrx_word' id='word_1_138' title='bbox 912 3588 1000 3668; x_wconf 84' lang='lat' dir='ltr'>satis,</span> 
     </span>
     <span class='ocr_line' id='line_1_26' title="bbox 278 3693 989 3779; baseline -0.003 -19"><span class='ocrx_word' id='word_1_139' title='bbox 278 3693 326 3760; x_wconf 82' lang='lat' dir='ltr'>De</span> <span class='ocrx_word' id='word_1_140' title='bbox 348 3693 472 3779; x_wconf 76' lang='lat' dir='ltr'>capillis</span> <span class='ocrx_word' id='word_1_141' title='bbox 493 3693 643 3760; x_wconf 84' lang='lat' dir='ltr'>mollibus</span> <span class='ocrx_word' id='word_1_142' title='bbox 666 3713 781 3779; x_wconf 77' lang='lat' dir='ltr'>magne</span> <span class='ocrx_word' id='word_1_143' title='bbox 804 3693 989 3760; x_wconf 86' lang='lat' dir='ltr'>venustatis.</span> 
     </span>
     <span class='ocr_line' id='line_1_27' title="bbox 274 3795 1181 3885; baseline 0.001 -22"><span class='ocrx_word' id='word_1_144' title='bbox 274 3795 348 3864; x_wconf 86' lang='lat' dir='ltr'>Non</span> <span class='ocrx_word' id='word_1_145' title='bbox 371 3821 445 3884; x_wconf 89' lang='lat' dir='ltr'>pars</span> <span class='ocrx_word' id='word_1_146' title='bbox 467 3820 586 3885; x_wconf 81' lang='lat' dir='ltr'>magna</span> <span class='ocrx_word' id='word_1_147' title='bbox 608 3799 715 3864; x_wconf 79' lang='lat' dir='ltr'>vultus</span> <span class='ocrx_word' id='word_1_148' title='bbox 738 3799 805 3864; x_wconf 86' lang='lat' dir='ltr'>eius</span> <span class='ocrx_word' id='word_1_149' title='bbox 828 3821 884 3883; x_wconf 89' lang='lat' dir='ltr'>per</span> <span class='ocrx_word' id='word_1_150' title='bbox 906 3821 975 3866; x_wconf 81' lang='lat' dir='ltr'>eam</span> <span class='ocrx_word' id='word_1_151' title='bbox 998 3804 1181 3884; x_wconf 86' lang='lat' dir='ltr'>oooupatur,</span> 
     </span>
     <span class='ocr_line' id='line_1_28' title="bbox 274 3903 1115 3992; baseline -0.002 -20"><span class='ocrx_word' id='word_1_152' title='bbox 274 3903 334 3972; x_wconf 84' lang='lat' dir='ltr'>Sed</span> <span class='ocrx_word' id='word_1_153' title='bbox 356 3910 483 3972; x_wconf 85' lang='lat' dir='ltr'>tantum</span> <span class='ocrx_word' id='word_1_154' title='bbox 504 3905 691 3972; x_wconf 85' lang='lat' dir='ltr'>mandibula</span> <span class='ocrx_word' id='word_1_155' title='bbox 710 3909 918 3990; x_wconf 84' lang='lat' dir='ltr'>mentumque</span> <span class='ocrx_word' id='word_1_156' title='bbox 939 3905 1115 3992; x_wconf 79' lang='lat' dir='ltr'>tegebatur.</span> 
     </span>
     <span class='ocr_line' id='line_1_29' title="bbox 274 4009 915 4097; baseline 0 -21"><span class='ocrx_word' id='word_1_157' title='bbox 274 4009 318 4076; x_wconf 78' lang='lat' dir='ltr'>Et</span> <span class='ocrx_word' id='word_1_158' title='bbox 339 4011 460 4078; x_wconf 91' lang='lat' dir='ltr'>labium</span> <span class='ocrx_word' id='word_1_159' title='bbox 483 4012 627 4097; x_wconf 88' lang='lat' dir='ltr'>superius</span> <span class='ocrx_word' id='word_1_160' title='bbox 649 4011 915 4076; x_wconf 81' lang='lat' dir='ltr'>semicirculatum</span> 
     </span>
    </p>

    <p class='ocr_par' dir='ltr' id='par_1_13' title="bbox 200 4113 1132 4413">
     <span class='ocr_line' id='line_1_30' title="bbox 200 4113 967 4202; baseline 0.02 -35"><span class='ocrx_word' id='word_1_161' title='bbox 200 4132 249 4170; x_wconf 77' lang='lat' dir='ltr'>aa</span> <span class='ocrx_word' id='word_1_162' title='bbox 273 4113 350 4180; x_wconf 86' lang='lat' dir='ltr'>Fuit</span> <span class='ocrx_word' id='word_1_163' title='bbox 369 4116 403 4181; x_wconf 91' lang='lat' dir='ltr'>in</span> <span class='ocrx_word' id='word_1_164' title='bbox 425 4116 557 4182; x_wconf 81' lang='lat' dir='ltr'>inferius</span> <span class='ocrx_word' id='word_1_165' title='bbox 579 4138 636 4202; x_wconf 88' lang='lat' dir='ltr'>per</span> <span class='ocrx_word' id='word_1_166' title='bbox 656 4117 795 4182; x_wconf 85' lang='lat' dir='ltr'>medium</span> <span class='ocrx_word' id='word_1_167' title='bbox 817 4113 967 4182; x_wconf 67' lang='lat' dir='ltr'>uelatum.</span> 
     </span>
     <span class='ocr_line' id='line_1_31' title="bbox 273 4217 1132 4308; baseline 0.001 -24"><span class='ocrx_word' id='word_1_168' title='bbox 273 4217 361 4286; x_wconf 89' lang='lat' dir='ltr'>Inter</span> <span class='ocrx_word' id='word_1_169' title='bbox 381 4227 525 4288; x_wconf 87' lang='lat' dir='ltr'>mentum</span> <span class='ocrx_word' id='word_1_170' title='bbox 547 4233 643 4308; x_wconf 90' lang='lat' dir='ltr'>atque</span> <span class='ocrx_word' id='word_1_171' title='bbox 664 4221 788 4288; x_wconf 90' lang='lat' dir='ltr'>labrum</span> <span class='ocrx_word' id='word_1_172' title='bbox 813 4223 923 4308; x_wconf 82' lang='lat' dir='ltr'>anguli</span> <span class='ocrx_word' id='word_1_173' title='bbox 947 4226 1132 4287; x_wconf 88' lang='lat' dir='ltr'>manserunt</span> 
     </span>
     <span class='ocr_line' id='line_1_32' title="bbox 276 4325 1071 4413; baseline 0.001 -22"><span class='ocrx_word' id='word_1_174' title='bbox 276 4325 347 4392; x_wconf 87' lang='lat' dir='ltr'>Duo</span> <span class='ocrx_word' id='word_1_175' title='bbox 368 4329 455 4408; x_wconf 88' lang='lat' dir='ltr'>nudi,</span> <span class='ocrx_word' id='word_1_176' title='bbox 478 4329 533 4413; x_wconf 93' lang='lat' dir='ltr'>qui</span> <span class='ocrx_word' id='word_1_177' title='bbox 554 4350 627 4393; x_wconf 84' lang='lat' dir='ltr'>oum</span> <span class='ocrx_word' id='word_1_178' title='bbox 649 4328 722 4413; x_wconf 88' lang='lat' dir='ltr'>pilis</span> <span class='ocrx_word' id='word_1_179' title='bbox 744 4329 820 4393; x_wconf 84' lang='lat' dir='ltr'>teeti</span> <span class='ocrx_word' id='word_1_180' title='bbox 842 4349 906 4392; x_wconf 91' lang='lat' dir='ltr'>non</span> <span class='ocrx_word' id='word_1_181' title='bbox 930 4327 1071 4394; x_wconf 86' lang='lat' dir='ltr'>fuerunt.</span> 
     </span>
    </p>
   </div>
   <div class='ocr_carea' id='block_1_10' title="bbox 277 4429 1074 4516">
    <p class='ocr_par' dir='ltr' id='par_1_14' title="bbox 277 4429 1074 4516">
     <span class='ocr_line' id='line_1_33' title="bbox 277 4429 1074 4516; baseline 0.003 -20"><span class='ocrx_word' id='word_1_182' title='bbox 277 4429 381 4498; x_wconf 86' lang='lat' dir='ltr'>Barba</span> <span class='ocrx_word' id='word_1_183' title='bbox 402 4455 475 4498; x_wconf 86' lang='lat' dir='ltr'>rara</span> <span class='ocrx_word' id='word_1_184' title='bbox 497 4433 655 4516; x_wconf 83' lang='lat' dir='ltr'>nonfuit,</span> <span class='ocrx_word' id='word_1_185' title='bbox 678 4435 733 4500; x_wconf 86' lang='lat' dir='ltr'>aad</span> <span class='ocrx_word' id='word_1_186' title='bbox 754 4435 795 4500; x_wconf 84' lang='lat' dir='ltr'>ad</span> <span class='ocrx_word' id='word_1_187' title='bbox 816 4433 945 4500; x_wconf 80' lang='lat' dir='ltr'>modam</span> <span class='ocrx_word' id='word_1_188' title='bbox 968 4435 1074 4513; x_wconf 83' lang='lat' dir='ltr'>densa,</span> 
     </span>
    </p>
   </div>
   <div class='ocr_carea' id='block_1_11' title="bbox 0 0 1512 4926">
    <p class='ocr_par' dir='ltr' id='par_1_15' title="bbox 0 0 1512 4926">
     <span class='ocr_line' id='line_1_34' title="bbox 0 0 1512 4926; baseline 0 3"><span class='ocrx_word' id='word_1_189' title='bbox 0 0 1512 4926; x_wconf 95' lang='lat' dir='ltr'> </span> 
     </span>
    </p>
   </div>
  </div>
 </body>
</html>
