3014 4926
780 347 822 416 92

382 527 551 596 Recensum
572 524 694 611 Joseph
715 528 748 590 et
769 523 871 590 Moris
892 523 988 590 nimis
1010 523 1198 603 doluerunt;

383 633 427 700 Et
449 654 507 717 pro
530 630 615 698 dulci
637 653 735 716 puero
757 629 834 696 Jesu
856 630 1079 711 tristabantur,

306 757 357 796 ω
383 738 448 805 Sua
469 737 554 824 quod
575 736 736 821 presentia
756 757 862 802 carere
883 736 1089 822 cogebantur.

383 845 528 930 Ipsorum
552 842 706 929 imagines
728 841 860 928 plurimi
882 841 1032 922 fecerunt,

383 951 427 1015 Et
449 971 501 1015 eas
522 949 556 1013 iu
578 947 713 1014 oraculis
735 947 801 1014 sois
823 951 1015 1032 posuerunt3

389 1053 534 1141 Virginis
556 1055 729 1140 imaginem
751 1075 882 1138 puerum
905 1057 1066 1120 tenentem

388 1157 425 1224 ln
447 1159 574 1244 templis
597 1160 662 1225 suis
684 1164 858 1244 posuerunt
880 1163 912 1225 et
933 1159 963 1224 ei
983 1158 1183 1245 frequentem

307 1285 359 1324 aare
385 1264 547 1332 Honorem
570 1269 666 1352 etque
689 1264 826 1352 gloriam
848 1287 957 1331 omnes
979 1265 1182 1346 exhibebant,

383 1371 428 1438 Et
449 1373 481 1437 in
506 1371 682 1437 reverentia
703 1370 842 1436 maxima
863 1370 1025 1437 tenebant.
1133 1393 1137 1408 ⁴

383 1475 480 1543 Multi
502 1481 609 1543 tamen
633 1480 727 1542 antea
748 1476 900 1542 tenebant
920 1475 1039 1542 iconias

386 1582 424 1650 In
446 1583 512 1650 suis
534 1583 679 1662 oraculis,
703 1567 779 1648 nani
799 1582 876 1667 ipsis
899 1580 1053 1648 Jeremias

385 1688 546 1774 Propheta
567 1687 758 1773 predixerat,
780 1688 865 1772 quod
887 1691 991 1753 ament
1013 1685 1137 1752 ruitura

253 1839 256 1844 .
307 1811 359 1850 aar
386 1791 571 1872 Simulante,
594 1791 721 1878 quando
743 1791 835 1878 virgo
856 1791 939 1857 foret
961 1791 1115 1876 paritura.

413 2021 519 2108 Quod
545 2021 655 2096 Jesue
682 2041 854 2094 reversus
880 2022 938 2092 est
964 2019 1003 2092 in
1030 2018 1204 2094 Judeom.

386 2211 506 2298 Joseph
529 2215 634 2277 autern
657 2215 694 2276 ut
716 2211 856 2296 precepit
877 2209 1009 2296 angelus
1031 2209 1179 2291 surrexit,

385 2317 462 2384 Cum
487 2321 588 2383 matre
609 2337 890 2400 sumenspucrum
913 2314 946 2380 in
970 2315 1106 2401 patriam
1129 2316 1279 2401 porrexit.

386 2423 448 2490 Sed
469 2446 526 2509 per
547 2423 631 2488 viam
654 2421 807 2507 plurimos
829 2419 953 2486 labores
975 2421 1166 2502 habuerunt,

387 2527 475 2593 Fessi
497 2550 570 2593 nam
593 2527 708 2623 itinere
730 2526 836 2612 sepius
858 2527 996 2594 fuerunt.

307 2653 358 2690 που
384 2632 523 2712 Famem,
546 2633 634 2698 sitim
656 2633 827 2717 plurimam
848 2633 910 2718 ipsi
932 2633 1143 2714 sustinebant,

388 2738 433 2804 Et
454 2739 493 2803 ad
518 2759 632 2823 aquam
657 2737 705 2803 vel
727 2739 766 2802 ad
790 2738 910 2803 fontem
933 2759 1005 2804 raro
1028 2739 1206 2804 veniebant.

386 2841 512 2929 Frigus,
535 2849 647 2924 astum,
671 2843 810 2928 pluviam
833 2847 1018 2909 otrentum
1040 2843 1230 2922 tolerabant,

386 2948 561 3034 Nunquam
582 2949 616 3013 in
638 2947 778 3033 hospitio
800 2969 857 3032 per
879 2951 1004 3013 noctem
1026 2950 1249 3034 repausabant.

309 3106 315 3118 .
389 3053 474 3120 Nam
496 3054 650 3119 subdivo
672 3053 740 3118 eine
761 3057 846 3118 tecto
868 3051 1052 3138 frequenter
1073 3061 1302 3136 remanserunt,

309 3179 361 3217 ποι
387 3159 496 3246 Atque
517 3181 611 3244 super
633 3159 751 3224 nudam
773 3163 893 3224 terram
915 3164 1117 3244 pernoctem
1139 3161 1314 3228 iacuerunt.

387 3264 446 3332 Per
468 3265 626 3331 desertum
648 3263 741 3330 Jesus
764 3285 837 3350 sepe
858 3265 998 3330 cucurrit
1020 3265 1212 3332 ambulando

385 3371 430 3436 Et
453 3370 591 3436 residens
614 3371 647 3434 in
670 3369 760 3435 asino
782 3369 902 3455 quievit
926 3363 1107 3456 aliquando.

387 3475 448 3542 Per
470 3476 554 3540 viam
577 3475 714 3540 multum
737 3473 929 3564 ambulando
952 3473 1056 3541 Maria
1078 3476 1246 3557 laboravit,

387 3579 431 3645 Et
453 3581 556 3645 rarius
577 3581 611 3645 in
635 3581 724 3646 asino
746 3581 856 3647 sedens
878 3581 1069 3665 repausavit.

311 3706 363 3744 κιο
390 3685 441 3750 Sic
463 3691 608 3752 sanctum
630 3687 690 3753 hoc
712 3687 881 3773 collegium
903 3709 960 3772 per
981 3688 1065 3753 viam
1086 3687 1176 3753 illem
1198 3689 1324 3767 transit,

387 3790 495 3856 Donec
517 3792 605 3858 venit
626 3791 787 3858 Nazareth
809 3793 918 3878 ibique
939 3793 1101 3860 remansit.

335 4021 439 4107 Quod
468 4021 588 4095 Maria
616 4044 702 4095 cum
730 4021 806 4097 filie
834 4045 902 4098 suo
929 4025 1034 4098 venit
1061 4023 1263 4098 Nazareth.

385 4211 489 4278 Maria
510 4216 646 4278 matrem
669 4214 788 4299 reperit
809 4219 935 4281 mortuo
956 4215 1021 4281 iam
1043 4175 1144 4301 petre,

791 4359 810 4399 a

299 4439 367 4494 2605
386 4439 410 4494 G
430 4438 565 4494 mundam
583 4441 656 4498 statt
675 4439 790 4496 nudam.
