3014 4926
777 337 842 403 lle

392 509 437 576 Et
460 509 593 576 clamide
619 511 784 596 triangula
806 531 904 597 supra
924 510 1104 596 tegebatur,

314 634 366 673 sus
394 615 484 682 Sicut
505 637 525 681 a
550 615 661 682 Jndeis
683 621 760 682 tunc
782 617 896 710 modus
918 616 1106 682 habebatur.

394 720 512 788 Olumis
535 722 595 788 hec
614 724 656 788 ad
678 723 813 810 angulos
835 723 915 788 duos
937 721 1124 788 nectebatur

249 821 254 830 ’
393 825 539 902 Quodam
560 849 633 892 cum
655 829 811 922 tenaculo,
835 849 891 913 per
913 827 998 930 quod
1021 825 1199 892 tenebmur.

394 931 471 998 Fuit
492 933 694 1000 inconsutilis
716 934 835 1013 tunica,
858 932 970 998 subtili

395 1036 477 1104 Arte
498 1039 583 1104 facte
605 1059 661 1123 per
683 1037 818 1104 Mariam
842 1059 936 1123 opere
958 1036 1074 1102 textili.

319 1161 371 1201 ⁸³⁶0
397 1142 465 1210 Hcc
487 1144 596 1209 tunica
617 1164 690 1208 cum
711 1163 843 1229 corpore
864 1142 943 1209 Jesn
965 1140 1085 1208 Christi
1107 1141 1218 1220 crevit,

394 1247 440 1315 Et
461 1253 538 1314 tunc
559 1271 631 1314 cum
652 1269 731 1334 puer
753 1248 871 1328 extitit,
894 1252 927 1314 et
948 1253 1025 1314 tnnc
1046 1267 1118 1312 cum
1138 1245 1288 1312 adolevit.

244 1544 339 1630 Quid
366 1544 487 1640 operis
522 1545 691 1618 exercuit
718 1543 742 1616 J
745 1566 830 1617 esus
863 1548 953 1620 ante
986 1549 1137 1640 tempus
1170 1566 1236 1617 sue
1271 1543 1391 1639 predi-

728 1667 897 1741 cationis.

400 1872 494 1940 Jcsue
516 1872 621 1938 factus
643 1871 822 1936 adolescens
844 1871 924 1936 illud
946 1871 1091 1937 laborare

401 1979 581 2059 Goneuevit,
605 1977 680 2063 quia
701 1977 806 2062 sepius
828 1977 951 2042 solebat
972 1975 1174 2062 frequentare

400 2083 567 2168 Templum
589 2083 622 2147 in
645 2081 823 2148 Jerusalem
844 2086 877 2147 et
898 2081 945 2146 ibi
966 2083 1109 2148 venerari

323 2207 375 2246 aare
402 2188 539 2270 Febrem,
563 2189 618 2274 qui
640 2189 678 2254 de
701 2187 777 2254 celis
798 2185 884 2252 hunc
904 2187 993 2252 misit
1013 2187 1183 2255 incarnari.
1292 2230 1296 2236 ·

399 2293 438 2360 In
461 2294 618 2360 desertum
640 2294 745 2379 sepius
768 2295 853 2360 solus
876 2294 1063 2374 ambulavit,

401 2399 452 2464 Ibi
475 2400 530 2465 diu
552 2421 738 2486 permaneus
759 2403 884 2485 patrem
906 2399 1069 2478 morant,

401 2503 446 2580 Et
466 2505 513 2570 ibi
535 2527 607 2570 cnm
629 2505 751 2592 angelis
774 2527 847 2591 sepe
868 2505 1060 2590 loquebatur

402 2609 434 2676 A
455 2613 548 2695 patre
569 2611 673 2676 missis
697 2611 737 2678 ad
758 2632 841 2691 eum,
863 2633 919 2696 per
942 2631 1021 2695 quoe
1040 2607 1276 2674 consolabatur.

324 2733 375 2772 ⁸⁸⁰⁰
404 2714 456 2781 Ad
477 2714 563 2780 hunc
584 2715 669 2780 enim
691 2715 796 2801 angeli
818 2737 892 2800 sepe
913 2715 1092 2794 veniebant,

403 2819 641 2886 consolationes
663 2819 693 2885 ei
714 2819 831 2885 multae
854 2818 1023 2885 iaciebant.

402 2923 483 2989 Illuc
506 2923 567 2989 sibi
588 2925 720 2990 celicum
742 2947 855 3010 panem
878 2923 1064 3004 deferentes,

401 3027 447 3094 llt
467 3029 613 3094 celestem
635 3029 731 3094 ctiam
753 3033 864 3114 potum
886 3029 1062 3095 offerentes.

403 3133 493 3198 'lunc
514 3132 607 3200 Jesus
628 3133 676 3200 ibi
696 3135 828 3201 celicum
849 3157 964 3220 panem
985 3133 1206 3214 manducabat,

326 3257 379 3296 θεοῦ
406 3237 506 3315 Quem
527 3240 566 3305 de
587 3239 662 3306 celis
684 3239 815 3327 angelus
838 3240 900 3305 sibi
921 3240 1140 3317 ministrabat3

405 3342 583 3430 Potumque
605 3345 643 3411 de
664 3351 755 3431 patre
776 3345 908 3411 missum
928 3345 1046 3410 ibidem
1068 3345 1121 3411 hic
1141 3343 1282 3424 bibebat,

406 3447 507 3526 Quem
527 3450 673 3516 minister
695 3451 826 3538 augelus
848 3449 910 3517 sibi
932 3449 1103 3516 deferebat.

337 3711 339 3714 ⁵
382 3767 436 3842 De
462 3769 655 3843 miraculis
681 3791 754 3865 que
781 3769 871 3843 recu
898 3769 1009 3844 iesus
1035 3768 1074 3842 in
1101 3769 1262 3844 nesae.

406 3974 444 4041 ln
467 3976 533 4042 istu
554 3977 724 4043 solitudine
746 4000 810 4043 non
833 3977 936 4043 caruit
958 3977 1085 4058 virtute,

407 4079 539 4149 Faciens
560 4081 713 4148 miracula
735 4081 943 4166 quorumdam
965 4103 1037 4147 cum
1059 4083 1180 4161 salute3

330 4205 382 4245 aare
408 4186 493 4252 Nam
515 4187 677 4253 cuiusdam
699 4187 800 4252 filium
823 4187 959 4272 pastoris
981 4187 1162 4272 deportavit

407 4291 479 4372 Leo,
503 4295 593 4375 pater
616 4291 752 4376 alonge
774 4313 907 4376 sequens
928 4291 1070 4358 eiulavit.

410 4394 470 4462 Sed
492 4418 568 4462 casu
589 4395 723 4462 fortuito
745 4417 817 4462 cum
838 4395 948 4462 Jesum
969 4397 1150 4477 invenisset,
