3080 4938
796 367 837 434 38

243 541 403 607 defossum
425 539 626 608 fundamenti
643 543 802 608 descendit
824 568 895 610 oum
912 547 1103 630 quibusdam
1119 547 1157 612 de
1173 547 1392 631 optimatibus,

242 649 282 712 ed
305 649 538 731 suscipiendum
571 670 684 711 saxum
711 648 846 732 grande,
879 650 963 734 quod
995 651 1201 735 dispositione
1235 651 1393 716 artificum

242 755 375 837 desuper
403 754 436 816 in
468 753 603 818 sublime
636 754 777 818 mordaci
804 753 931 820 bidente
962 779 1147 839 suspensum
1180 761 1257 820 erat.
1304 757 1393 823 Hora

241 880 317 942 ergo
341 858 436 922 tertia
458 858 530 936 dici,
555 881 618 942 qua
640 856 779 941 Spiritus
800 864 928 924 sanctus
952 861 1066 926 missus
1089 865 1137 925 est
1157 863 1319 944 apostolis,
1342 864 1392 926 in·

241 969 392 1048 oeperunt
414 963 601 1028 submittere
624 985 735 1028 saxum
758 964 791 1028 in
808 964 932 1030 foveam
949 989 1011 1029 non
1029 965 1165 1030 artifices
1186 968 1241 1031 sed
1258 967 1393 1032 maiores

241 1074 320 1132 natu
343 1066 528 1148 Ulmenses,
552 1091 686 1152 quorum
710 1069 811 1152 aliqui
834 1076 937 1135 rotam
961 1070 1135 1136 trahebant
1159 1071 1207 1136 vel
1231 1073 1393 1152 tenebant,

241 1175 342 1258 aliqui
365 1175 474 1238 funem
496 1196 592 1238 manu
609 1174 780 1238 habebant.
827 1173 1017 1260 Magnificus
1041 1181 1148 1240 autem
1164 1177 1213 1240 vir
1228 1175 1392 1242 Johannes

241 1279 387 1365 Ehinger
410 1280 512 1344 dictus
535 1278 677 1343 Habfast
700 1282 732 1343 et
754 1279 917 1344 Conradus
942 1279 1106 1359 Besserer,
1140 1283 1279 1347 civitatis
1309 1283 1392 1368 oapi-

241 1391 363 1465 taneus,
388 1389 420 1450 et
443 1385 550 1450 eaeuri
566 1389 732 1468 magnates
748 1406 845 1467 supra
860 1383 979 1449 fossam
994 1389 1116 1450 stantes
1137 1386 1274 1470 lapidem
1291 1389 1393 1452 mani·

240 1493 300 1556 bus
323 1491 502 1575 tangebant
523 1494 555 1555 εὴ
578 1491 760 1575 dirigebant
777 1491 923 1554 deorsum
938 1486 984 1556 ad
1001 1513 1114 1555 manus
1130 1491 1270 1556 Ludwici
1286 1493 1394 1558 Krafft
1477 1566 1478 1570 ,

240 1597 387 1681 magistri
414 1597 531 1661 civium
559 1599 592 1660 et
613 1598 799 1660 caeterorum
830 1596 864 1660 in
893 1595 986 1660 fovea
1009 1598 1269 1680 exspectantium.
1316 1598 1392 1664 Om-

240 1705 295 1768 nia
317 1707 425 1767 autem
439 1702 495 1766 illa
511 1701 698 1765 maturitate
713 1722 831 1786 magna
846 1701 978 1780 fiebant,
1003 1705 1153 1766 cantante
1168 1702 1261 1782 clero,
1282 1709 1393 1768 orante

240 1809 369 1894 populo,
393 1813 426 1872 et
448 1808 571 1872 diverso
594 1806 786 1870 musicorum
801 1827 916 1890 genere
931 1810 1076 1884 sonante,
1100 1807 1191 1890 quasi
1207 1809 1247 1872 ad
1262 1808 1391 1874 modum

240 1917 322 1980 sicut
344 1915 464 1998 legitur
487 1913 598 1978 Esdrae
621 1915 650 1978 3.
698 1911 842 1995 Suscepit
864 1932 941 1996 ergo
964 1911 1067 1976 dictus
1091 1912 1198 1977 Krafft
1225 1937 1337 1979 saxum
1360 1920 1392 1980 et

240 2023 273 2086 in
297 2022 401 2086 locum
422 2021 487 2084 iam
510 2023 652 2084 cemento
675 2022 812 2083 stratum
835 2017 950 2082 direxit
974 2020 1006 2081 et
1028 2017 1143 2101 posuit.
1191 2016 1392 2085 (tumentem

240 2129 379 2212 positum
402 2129 485 2190 esset
507 2146 637 2200 saxum,
671 2125 737 2188 eius
768 2123 889 2188 locator
913 2145 1021 2206 peram
1045 2123 1187 2206 aperuit,
1220 2129 1251 2189 et
1278 2149 1392 2190 aurum

240 2232 402 2317 proferens
424 2229 547 2313 petram
578 2232 705 2292 centnm
727 2226 861 2311 fulgidis
893 2227 1045 2292 florenis¹
1080 2229 1161 2292 texit
1191 2233 1223 2292 et
1254 2231 1391 2310 ornavit,

240 2341 312 2420 post
335 2356 429 2419 quem
451 2332 559 2397 cmteri
581 2333 750 2416 optimates
773 2332 870 2396 etiam
899 2331 1121 2396 descendentes
1145 2331 1389 2399 fundamentum

241 2463 317 2504 auro
341 2444 373 2503 et
396 2442 529 2523 argento
552 2441 755 2515 ornaverunt,
779 2436 926 2502 similiter
949 2441 980 2502 et
1001 2436 1051 2500 illi
1074 2438 1112 2501 de
1134 2437 1316 2503 honorabili
1331 2463 1390 2524 po·

241 2546 316 2629 pulo
338 2545 481 2610 fecerunt
503 2547 535 2606 et
567 2540 656 2624 vulgi
679 2541 818 2620 devotio,
847 2542 954 2626 sicque
983 2543 1066 2607 dona
1096 2544 1231 2628 grandia
1261 2545 1310 2610 die
1333 2545 1389 2609 illo

242 2654 317 2714 sunt
339 2671 397 2733 pro
420 2653 581 2712 structura
604 2647 729 2710 collata.

329 2754 435 2819 Crevit
457 2774 533 2838 ergo
556 2774 634 2835 opus
657 2753 691 2814 in
713 2751 860 2815 manibus
884 2774 1002 2830 eorum,
1026 2757 1058 2817 et
1079 2753 1113 2816 in
1133 2757 1260 2818 centum
1276 2759 1308 2818 et
1331 2777 1390 2818 uu-

242 2860 342 2924 deeim
365 2858 466 2936 annis,
490 2856 610 2922 scilicet
632 2857 672 2920 ab
695 2877 779 2920 anno
802 2877 867 2920 suae
891 2855 1104 2937 fundationis,
1129 2859 1184 2942 qui
1207 2858 1270 2923 fuit
1296 2859 1388 2938 1377,

241 2986 340 3049 usque
363 2963 401 3028 ad
425 2985 544 3028 annum
560 2963 744 3026 modernum
765 2962 849 3026 1488
864 2963 898 3026 iu
914 2965 1103 3046 stupendum
1120 2968 1152 3028 et
1170 2964 1390 3030 admirandum

241 3069 362 3134 cunctis
385 3068 534 3153 gentibus
557 3071 589 3130 et
611 3067 724 3132 seculis
750 3067 905 3150 templum
935 3070 1043 3131 evasit.
1090 3067 1158 3132 Nec
1185 3073 1313 3134 tantum
1335 3071 1391 3134 ad·

240 3175 399 3239 mirantur
423 3174 564 3236 videntes
586 3173 749 3257 ingentem
773 3177 982 3252 structuram,
1014 3178 1170 3256 quantum
1192 3174 1392 3240 admirantur

241 3278 511 3363 magnificentiam
534 3281 566 3340 et
588 3277 752 3340 audaciam
776 3276 999 3354 fundatorum,
1032 3277 1117 3361 quod
1145 3282 1212 3342 tem
1235 3302 1334 3362 parva
1355 3281 1389 3344 in

240 3385 367 3448 civitate
383 3383 450 3446 sine
465 3381 704 3466 peregrinorum
728 3381 942 3460 advocatione,
970 3383 1038 3446 sine
1067 3383 1224 3448 adiutorio
1243 3389 1275 3449 et
1299 3407 1390 3450 men-

241 3488 418 3554 dicatione²
446 3467 572 3552 tantum
597 3487 763 3551 aedificium
779 3487 900 3572 erigere
923 3489 993 3552 ausi
1017 3493 1102 3566 sunt,
1125 3488 1213 3552 cuius
1235 3489 1390 3554 immensa

159 3605 189 3682 ᾗ,
203 3600 272 3682 88,εὴ
288 3595 371 3659 celsa
386 3615 611 3676 campanarum
626 3592 723 3656 turris
739 3593 833 3657 hodie
848 3594 880 3657 in
898 3595 1013 3658 divinae
1029 3595 1203 3679 majestatis
1227 3594 1389 3675 honorem,

241 3700 332 3784 quasi
354 3700 386 3762 in
410 3697 526 3764 coelum
548 3719 684 3762 crescere
707 3697 793 3776 velit,
818 3699 987 3764 exaltatur.
1033 3699 1142 3783 Ipsum
1176 3723 1250 3764 vero
1282 3702 1391 3765 taber-

241 3805 388 3869 naculum
411 3804 530 3868 dudum
553 3805 744 3887 completum
767 3803 808 3867 ab
829 3803 916 3869 intra
939 3810 1029 3870 tanto
1052 3807 1133 3870 nitet
1153 3805 1329 3889 splendore,
1353 3811 1391 3871 ut

241 3910 340 3974 exteri
356 3933 393 3974 eo
410 3911 569 3975 venientes
585 3911 729 3974 decorem
745 3909 892 3974 admirati
908 3932 971 3974 non
988 3915 1054 3974 tam
1074 3911 1268 3990 mortalium,
1293 3933 1389 3995 quam
1439 3959 1443 3969 .

241 4014 415 4080 coelestium
447 4015 479 4078 id
510 4016 704 4080 domicilium
738 4017 853 4080 dicant.
910 4016 1049 4082 Multum
1083 4022 1190 4082 autem
1219 4017 1389 4081 admodum

143 4131 231 4210 effla.
241 4121 344 4185 decori
366 4121 452 4184 illius
468 4121 606 4186 ecclesiae
622 4121 790 4186 conferunt
806 4122 946 4206 antiquae
962 4123 1122 4206 parochiae
1138 4121 1299 4206 sculptilia
1313 4145 1391 4206 por-

804 4269 821 4306 ’l‘

311 4349 323 4400 l
345 4347 395 4401 100
414 4347 588 4417 goldgulden
607 4351 635 4402 et
654 4350 713 4406 alia
731 4349 805 4405 dona
825 4349 925 4406 Schad.
947 4368 994 4404 am
1013 4348 1108 4404 rande.
1192 4350 1209 4402 2
1227 4347 1292 4403 Siue
1311 4347 1390 4403 adiu·

240 4435 312 4490 torio
330 4438 360 4489 et
378 4434 576 4504 imploratione
595 4437 714 4492 aliorum
735 4436 819 4490 Wibl.
