2996 4924
763 267 806 332 24

367 444 582 530 Similiterque
604 447 762 509 turturem
786 443 939 510 dederunt
962 467 1020 530 pro
1042 449 1180 530 peccato,

367 551 414 618 Ut
437 551 578 636 precepit
600 549 725 634 Moyses
748 550 830 635 legis
852 572 891 614 ex
915 551 1084 628 mandut03

371 656 542 740 Postquam
566 654 648 719 hanc
670 655 864 721 oblationem
886 656 947 722 rite
971 661 1170 742 peregerunt,

302 783 341 820 ⁴⁷⁰
368 761 545 828 Secundum
567 759 670 845 legem
694 760 798 845 Moysi
821 761 949 826 domum
973 762 1151 841 redierunt;

368 868 413 932 Et
435 865 555 952 prolem
579 866 816 931 dilectissimam
840 889 911 932 oum
935 867 1131 932 exultatione

369 971 582 1038 Nutriverunt
606 976 702 1056 atque
725 972 774 1036 dei
796 993 868 1036 cum
890 972 1102 1041 dilectatione.

369 1076 442 1144 Non
467 1081 503 1140 ut
525 1077 628 1142 solent
651 1077 795 1142 homines
818 1081 1002 1142 extraneam
1025 1079 1164 1162 quesivit

369 1183 535 1250 Nutricem
558 1187 660 1246 mater
683 1205 798 1266 puero;
823 1183 875 1248 sed
898 1184 1033 1267 ipsamet
1055 1184 1191 1248 nutrivit

305 1311 343 1348 os
370 1289 511 1374 Propriis
534 1288 684 1353 uberibus
707 1288 829 1372 prolem
852 1292 884 1352 et
907 1289 1056 1366 lactavit3

370 1393 523 1461 Necnon
547 1393 698 1457 alimenta
720 1392 782 1458 sibi
805 1415 863 1477 pro
886 1415 918 1458 se
941 1393 1151 1467 ministravit;

371 1497 431 1564 Sed
453 1497 512 1562 hec
535 1497 638 1582 proles
661 1497 826 1562 benedicta
850 1499 1008 1562 rarissime
1030 1498 1177 1583 lugendo,

373 1603 418 1670 Ut
440 1603 536 1667 moris
560 1607 608 1666 est
630 1601 817 1682 infantibus,
841 1604 907 1668 sive
930 1603 1086 1689 vagiendo

371 1708 521 1774 Parentes
545 1729 618 1772 suos
642 1709 832 1786 molestavit,
856 1709 910 1774 sed
933 1709 1067 1774 nimium
1090 1709 1197 1793 quieta

308 1835 346 1871 ⁴⁸⁰
374 1813 450 1877 Fuit
473 1817 567 1898 atque
591 1813 724 1896 patiens,
748 1814 856 1893 tacita,
882 1819 1055 1878 mansueta.
1156 1841 1161 1852 ·

371 1917 508 2002 Fuitque
531 1917 746 1995 mundissima,
769 1917 871 1982 multo
893 1918 965 2002 plus
988 1941 1083 2003 quam
1105 1919 1189 1984 credi

372 2025 485 2102 Possit,
510 2023 626 2086 munda
649 2043 853 2106 permanens:
877 2046 1040 2108 nunquam
1063 2025 1146 2089 enim
1169 2025 1232 2088 fedi

283 2201 287 2209 ¹
372 2127 409 2194 In
432 2151 469 2192 ea
492 2128 661 2212 quiequam
685 2129 787 2192 visum
811 2133 868 2210 est,
892 2133 1015 2194 etcum
1039 2129 1261 2194 involvebatur

372 2233 409 2299 ln
432 2233 531 2310 ermis,
555 2232 605 2296 vel
626 2233 805 2317 crepundiis
829 2257 927 2320 quum
950 2234 1007 2298 hec
1029 2234 1215 2317 ponebatur,

311 2360 348 2396 rs·
376 2339 495 2404 Contra
517 2359 637 2401 morem
659 2361 828 2422 puerorum
853 2361 886 2402 se
909 2360 1071 2422 nunquam
1094 2339 1274 2420 maculavit,

373 2443 433 2510 Sed
457 2443 557 2508 adulti
581 2465 703 2526 semper
725 2444 818 2508 modo
841 2465 874 2508 se
897 2443 1012 2509 munde
1034 2445 1244 2510 conservabit.

218 2748 322 2834 Quod
355 2746 475 2820 Maria
513 2749 712 2841 postquam
755 2747 949 2820 ablactata
989 2752 1047 2822 est
1080 2749 1195 2822 ducta
1229 2749 1288 2820 est
1322 2749 1361 2820 in

674 2869 897 2944 Jerusalem.

374 3078 547 3163 Postquam
570 3075 729 3142 ablactata
751 3079 851 3144 dulcis
873 3081 935 3145 ista
957 3081 1061 3165 proles
1084 3086 1166 3146 esset

373 3184 417 3248 Et
440 3205 594 3247 annorum
617 3183 756 3266 spatium
778 3185 876 3249 trium
896 3187 962 3270 jam
986 3185 1183 3270 complesset,

374 3288 511 3352 Rursum
535 3289 568 3352 in
591 3287 766 3354 Jerusalem
791 3295 937 3375 parentes
960 3290 1043 3357 hanc
1066 3293 1210 3358 tulerunt

308 3413 346 3450 cc
374 3393 583 3478 Hostiamque
605 3394 733 3460 domino
756 3417 815 3480 pro
838 3418 875 3462 ea
898 3397 1105 3463 tradiderunt.

373 3497 433 3563 Sed
457 3519 527 3562 cum
551 3498 710 3564 venissent
732 3501 852 3585 pariter
874 3503 914 3568 ad
935 3503 1090 3586 templum
1113 3502 1300 3583 Salomonis,

373 3602 438 3669 Ubi
461 3604 578 3688 gradus
601 3605 779 3689 quindecim
802 3613 878 3673 sunt
895 3609 1102 3689 ascensionis,

374 3706 456 3772 Puer
479 3730 511 3772 se
534 3709 572 3773 de
594 3710 740 3776 manibus
765 3713 899 3778 retraxit
922 3735 977 3778 sue
999 3714 1122 3794 matris,

374 3811 527 3878 Necnon
550 3815 743 3898 adjutorium
767 3820 924 3884 recusavit
946 3821 1057 3904 patris.

310 3939 348 3974 oa
375 3915 451 3983 Illos
473 3919 590 4004 gradus
614 3923 791 4005 quindecim
815 3925 955 3990 ascendit
978 3927 1172 4009 precedendo

375 4023 533 4104 Parentes,
557 4027 709 4092 scandens
732 4029 863 4113 pedibus
886 4053 942 4114 per
965 4053 1078 4095 manus
1101 4053 1134 4096 se
1156 4032 1303 4112 tenendo,

376 4127 437 4193 Res
460 4131 614 4204 miranda,
640 4133 722 4217 quod
747 4157 825 4216 puer
847 4135 945 4200 trium
970 4135 1022 4198 vix
1045 4157 1200 4199 annorum

376 4235 548 4299 Ascensum
572 4259 628 4320 per
651 4259 683 4301 se
706 4239 860 4323 graduum
886 4241 1028 4304 ascendit
1050 4241 1300 4325 quindenorum

373 4337 433 4406 Sed
456 4340 495 4405 ad
518 4341 672 4426 templum
697 4344 831 4408 insecuti
854 4349 1001 4429 parentes
1025 4367 1096 4410 cum
1121 4346 1289 4426 venissent,
