3080 4938
689 427 730 497 55

134 608 240 675 alieni.
287 607 442 674 Η100001
465 605 549 692 quod
572 606 812 691 gravaminibus
836 629 899 671 non
922 606 1096 688 subiacent,
1119 631 1176 674 nec
1197 606 1284 673 iura-

134 720 244 782 menta
267 715 462 781 secularibus
484 716 656 797 praestant,
688 733 745 776 neo
768 712 808 776 ad
830 712 914 778 bella
936 733 1008 778 cum
1031 713 1075 778 eis
1098 716 1282 798 procedunt,

51 897 53 902 ¹
133 827 166 888 et
189 822 244 907 qui
267 819 425 906 recipiunt
448 819 488 883 ab
511 819 555 884 eis
572 818 675 884 datiae
692 822 747 882 aut
762 817 892 899 telonia,
916 819 1063 903 rapinam
1078 821 1284 885 committunt

132 933 165 994 01
189 928 228 993 ad
251 925 486 992 restitutionem
509 929 674 1005 tenentur,
705 928 737 988 et
768 924 1031 989 excommunicati
1060 929 1135 989 sunt
1166 927 1216 1010 (01
1247 927 1285 991 de

131 1033 279 1098 censibus
302 1053 369 1116 cap.
395 1053 587 1116 quanquam,
611 1031 664 1094 lib.
690 1029 724 1114 6)
739 1029 771 1107 ι;
795 1034 826 1095 01
849 1030 925 1095 olim
948 1030 1052 1095 clerici
1068 1032 1179 1096 dantes
1196 1053 1284 1096 secu-

133 1137 256 1204 laribus
280 1139 399 1203 telonia
421 1141 454 1202 et
476 1137 579 1201 datiae
602 1134 864 1200 excommunicati
879 1140 979 1215 erant,
1003 1137 1066 1200 nisi
1081 1137 1186 1202 clerici
1201 1159 1284 1201 mer-

133 1244 248 1310 eantiis
273 1265 402 1328 operam
426 1243 538 1308 darent
561 1241 646 1326 quod
669 1263 733 1305 non
756 1241 838 1306 licet.
870 1263 927 1307 nec
949 1242 1128 1308 iuramenta
1150 1247 1284 1327 possunt

130 1349 205 1414 laici
228 1372 247 1414 a
269 1350 390 1414 clericis
414 1349 548 1434 exigere,
571 1347 654 1412 sicut
676 1346 806 1412 0101010
830 1348 910 1430 (cap.
934 1347 959 1411 si
985 1348 1056 1433 quis
1079 1395 1087 1413 .
1112 1398 1121 1414 .
1145 1350 1164 1411 2
1192 1348 1209 1431 ᾖ
1234 1349 1280 1431 4).

131 1459 209 1519 0001
236 1459 342 1520 tamen
358 1459 479 1540 septem
495 1475 585 1518 casus
601 1452 636 1516 in
651 1451 766 1537 quibua
778 1452 883 1516 iurare
892 1457 1035 1535 possunt,
1051 1453 1134 1518 sicut
1148 1453 1285 1518 habetur

133 1561 170 1624 in
195 1583 319 1625 summa
341 1559 498 1625 Antonini
521 1561 623 1643 (parte
648 1559 677 1637 1,
700 1557 796 1621 titulo
819 1557 868 1636 10,
892 1579 959 1641 cap.
983 1560 1013 1637 4,
1038 1558 1115 1644 §2).
1162 1557 1230 1624 Nec
1245 1560 1285 1624 ad

133 1663 248 1750 proelia
270 1680 342 1730 cum
364 1665 485 1730 civibus
513 1664 658 1728 accedere
681 1667 830 1746 possunt,
855 1663 930 1746 quia
952 1667 1028 1728 sunt
1049 1664 1167 1729 milites
1189 1665 1284 1749 spiri·

133 1771 238 1836 tuales
254 1775 286 1835 et
300 1770 419 1835 bellare
434 1769 555 1834 habent
570 1774 682 1834 contra
697 1789 817 1832 errores
832 1768 1010 1836 infidelium
1026 1771 1058 1834 et
1072 1770 1142 1835 ideo
1158 1775 1284 1855 oportet

133 1897 187 1942 eos
219 1897 285 1940 esse
314 1879 454 1940 armatos
486 1873 731 1940 auctoritatibus
761 1873 990 1956 scripturarum
1023 1881 1055 1940 et
1087 1875 1284 1941 orationibus

133 1985 318 2046 sanctorum
335 1987 366 2046 et
382 1980 561 2066 frequentia
577 1981 766 2046 orationum.
812 1977 905 2044 Unde
923 1979 1112 2046 Ambrosius
1135 1983 1284 2047 adversus

133 2087 252 2152 milites
275 2091 307 2152 et
331 2085 471 2152 Gothos:
497 2086 597 2150 Arma
619 2107 690 2150 mea
706 2085 855 2169 lacrymae
871 2107 948 2150 meae
963 2091 1047 2153 sunt.
1093 2087 1185 2152 'l'alia
1200 2088 1284 2153 enim

132 2197 209 2258 sunt
231 2193 430 2258 munimenta
445 2192 642 2256 sacerdotum
666 2193 705 2271 (c.
729 2191 771 2253 24
796 2194 906 2274 quaest.
931 2191 951 2256 8
974 2193 1157 2276 convenior)
1172 2191 1194 2257 ².
1240 2193 1285 2258 111

132 2299 204 2363 ideo
228 2303 265 2363 ut
282 2299 447 2383 expeditus
464 2297 507 2362 011
522 2297 653 2361 clericus
669 2297 707 2360 ad
724 2295 786 2360 ista
801 2319 890 2360 arma
904 2297 938 2360 in
954 2302 1103 2383 promptu
1123 2298 1284 2378 sumenda,

131 2405 210 2469 dicit
232 2401 430 2490 apostolus2
454 2403 493 2467 ad
516 2400 656 2466 Timoth.
681 2399 748 2465 2⁸:
772 2399 875 2466 Nemo
900 2402 1043 2467 militans
1058 2402 1127 2468 Deo
1141 2404 1285 2489 implicat

132 2533 166 2575 se
192 2514 250 2576 010.
297 2507 374 2585 Quae
398 2511 504 2572 autern
527 2507 676 2571 dicuntur
699 2507 829 2592 negotia
851 2508 1006 2572 secularia
1035 2509 1151 2594 quihus
1179 2510 1285 2575 clerici

131 2637 196 2679 non
220 2613 337 2678 debent
362 2611 528 2696 implicari,
552 2610 650 2675 hebes
670 2614 776 2674 extra:
800 2609 850 2675 Ne
870 2611 974 2676 clerici
998 2613 1047 2677 vel
1067 2615 1203 2680 monach
1226 2619 1283 2682 010.

132 2741 188 2803 per
211 2723 324 2784 totum.
372 2717 454 2793 (1010
475 2719 582 2780 tamen
600 2716 705 2780 cleriei
728 2715 915 2782 cohabitant
930 2719 1061 2797 civibus,
1086 2724 1236 2785 tenentur
1250 2721 1284 2785 in

132 2824 319 2889 necessitate
343 2823 383 2887 ad
406 2843 570 2886 murorum
601 2821 740 2886 civitatis
763 2823 948 2900 custodiam,
972 2827 1009 2888 ut
1031 2825 1150 2909 legitur
1172 2831 1204 2891 et
1227 2849 1285 2891 no-

132 2932 221 2998 tatur
243 2929 277 2992 in
300 2950 367 3013 cap.
391 2931 421 3007 2,
446 2928 484 2992 de
507 2927 672 3012 principio,
698 2931 730 2992 01
752 2930 928 3012 praesertim
952 2943 1010 3013 per
1025 2919 1230 2997 Hostiensem
1252 2937 1284 2996 et

59 3109 64 3118 ,
133 3033 239 3100 lnnoc.
263 3035 390 3100 ibidem.
437 3033 486 3097 Ex
518 3055 580 3118 quo
612 3033 687 3098 dum
710 3033 831 3118 aliquid
865 3033 960 3098 alicui
990 3035 1189 3115 conceditur,
1218 3037 1285 3101 eius

132 3139 322 3204 cohaerens⁴
346 3161 527 3204 concessum
561 3139 686 3204 videtur
720 3137 760 3222 (c.
788 3141 801 3202 l
836 3139 852 3224 ᾗ
878 3141 906 3205 1.
945 3138 980 3206 si
1003 3139 1148 3206 Christus
1172 3142 1243 3225 etc.)
1259 3141 1282 3208 ⁶.

133 3241 227 3310 Unde
249 3246 425 3310 necessario
459 3246 607 3310 videntur
639 3243 831 3309 cohaerentia
860 3245 1026 3310 custodiae:
1058 3247 1223 3312 defendere
1254 3251 1286 3312 et

132 3351 299 3416 offendere.
347 3350 440 3416 Unde
463 3352 608 3416 custodes
631 3373 720 3414 arma
735 3349 888 3414 offensive
903 3350 1006 3416 solent
1021 3351 1147 3417 habere.
1194 3351 1286 3418 Unde

133 3457 160 3520 si
183 3456 316 3521 clericus
339 3461 444 3521 custos
467 3479 631 3520 murorum
663 3457 749 3520 videt
781 3479 837 3541 per
861 3457 977 3522 moenia
1001 3457 1031 3520 vi
1055 3457 1212 3523 volentem
1234 3459 1285 3523 in·

133 3567 227 3638 trare,
251 3583 364 3646 parum
388 3561 531 3626 custodia
555 3563 683 3641 valeret,
708 3563 735 3626 01
759 3584 822 3627 000
847 3586 959 3627 manus
983 3567 1156 3648 opponeret
1178 3569 1210 3629 et
1232 3587 1285 3630 co-

132 3671 264 3732 nantem
287 3669 407 3732 intrare
431 3669 583 3734 reiiceret.
629 3668 673 3733 Et
694 3669 721 3733 si
744 3669 804 3734 hoc
827 3692 890 3734 non
915 3669 1154 3748 concederetur,
1179 3675 1235 3734 aut
1258 3672 1285 3735 si

133 3773 268 3838 firmiter
286 3773 492 3853 inhiberetur,
510 3779 586 3840 tunc
602 3775 731 3860 impune
747 3799 802 3859 per
821 3757 939 3841 moenia
965 3776 1067 3840 hostis
1091 3776 1283 3862 subreperet.

131 3879 265 3944 undosi
288 3879 418 3945 clericus
441 3881 538 3946 talem
570 3882 609 3946 de
631 3903 722 3946 muro
746 3883 916 3948 removerit
938 3885 970 3947 01
994 3883 1028 3946 10
1051 3905 1155 3947 aerem
1179 3883 1284 3968 agita·

700 3999 718 4039 a

206 4080 217 4133 l
240 4077 336 4144 Diese,
363 4078 422 4154 und
448 4081 491 4136 dle
520 4081 671 4150 folgenden
699 4081 785 4136 citnte
812 4081 918 4138 konnte
946 4081 990 4136 ich
1021 4082 1100 4136 nicht
1127 4082 1285 4137 auffindenl

132 4167 355 4234 2240000110ῃο
374 4167 390 4220 8
409 4167 558 4223 consenior
578 4167 621 4222 Κ1.
659 4185 719 4238 cap.
744 4169 903 4224 consenior.
929 4171 962 4222 24
982 4169 998 4237 5
1018 4172 1034 4223 8
1059 4169 1179 4224 Schmid.
1200 4169 1285 4222 Wibl.

131 4255 166 4308 24
185 4255 314 4324 quaestss
333 4254 481 4309 convenior
502 4255 574 4311 Mon.
591 4257 616 4309 2.
636 4255 734 4310 Schad.
772 4273 794 4310 0.
807 4257 840 4308 24
860 4255 905 4324 §8
924 4273 947 4311 c.
967 4257 1116 4312 convenior
1129 4256 1197 4312 Golr.
1212 4257 1285 4311 Besa.

131 4345 148 4398 3
167 4343 183 4396 2
203 4341 273 4398 Tim.
293 4341 317 4406 2,
335 4343 353 4395 4
371 4340 408 4394 iet
427 4341 476 4397 der
496 4343 586 4411 angel.
608 4359 677 4398 vers.
760 4345 776 4396 4
795 4343 880 4397 armis
900 4344 1004 4398 scilicet
1023 4343 1180 4408 defendere,
1199 4341 1284 4397 Wibl.

132 4427 253 4484 Schmid.
274 4429 324 4483 Eh.
411 4431 514 4500 tcap.
540 4429 612 4484 01001
638 4429 764 4484 Christus
786 4431 869 4484 Wibl.
907 4431 936 4485 in
964 4435 1045 4500 parte
1068 4433 1078 4484 l
1099 4433 1115 4502 g
1137 4436 1147 4485 l
1170 4449 1194 4486 c.
1213 4431 1286 4486 01001

131 4517 260 4572 Christus
279 4517 347 4573 Golr.
367 4517 440 4574 Bess.
479 4521 490 4573 l
512 4519 529 4587 ἓ
549 4520 560 4574 l
584 4517 606 4572 si
627 4517 754 4573 Christus
774 4535 849 4576 conc.
868 4520 898 4574 in
917 4520 987 4588 glor.
1010 4521 1082 4574 Mon.
1103 4521 1127 4574 2.

1034 4625 1049 4678 4
1062 4631 1077 4663 ι
