3080 4938
710 371 752 438 39

158 549 275 616 ticibus
298 553 330 615 et
352 550 505 615 ostiorum
529 549 824 634 superliminaribus
845 550 932 616 illius
955 529 1154 637 supdrposita
1176 553 1309 638 antiqua

156 679 253 721 manu
276 655 463 720 fabrefacta.

205 814 208 826 .
244 761 352 827 Habet
368 761 379 798 ¹
402 766 507 826 autem
525 760 654 825 ecclesia
669 760 737 825 haec
753 783 865 826 novem
881 761 1021 847 insignia
1041 763 1218 847 singularia
1241 787 1308 852 prae

157 866 305 932 omnibus
327 866 465 931 eeclesiis
481 887 552 949 quae
575 866 609 929 in
624 869 694 929 toto
709 869 785 930 sunt
800 865 1044 932 Christianismo
1060 869 1304 952 parochialibus.

244 970 396 1050 Primum,
420 971 505 1055 qnod
528 975 576 1035 est
599 971 729 1035 ecclesia
756 971 948 1054 parochialis
970 974 1072 1058 major
1102 997 1199 1060 quam
1222 997 1309 1059 quse-

157 1099 280 1162 cunque
303 1077 376 1157 alia,
400 1078 568 1142 nonenim
600 1081 648 1142 est
677 1099 735 1142 nec
757 1075 932 1162 collegialis
963 1099 1020 1142 nee
1042 1079 1230 1165 episcopalis
1252 1102 1310 1144 nec

159 1183 339 1262 abbatialis,
362 1183 416 1248 sed
438 1186 567 1248 tantum
589 1181 723 1266 simplex
746 1181 947 1268 parochialia,
971 1185 1073 1269 major
1094 1185 1205 1250 multis
1227 1187 1310 1270 epis-

157 1291 330 1378 copalibus,
354 1293 387 1354 et
408 1289 567 1374 plerisque
590 1287 857 1371 patriarchalibus
886 1288 1056 1354 solennior.
1103 1289 1177 1355 Non
1201 1295 1309 1355 tamen

158 1419 227 1462 eam
250 1417 376 1480 aequare
399 1395 498 1459 audeo
530 1393 650 1478 templo
673 1393 801 1478 Sophiae
824 1393 1120 1480 Constantinopoli,
1155 1396 1238 1481 quod
1262 1399 1311 1460 est

158 1506 227 1566 toto
250 1499 327 1566 orbe
348 1499 604 1578 famosissimum,
627 1501 799 1586 nongentis
814 1499 975 1584 quondam
996 1501 1212 1565 sacerdotibus
1228 1501 1310 1564 cele-

159 1607 297 1684 bratum,
313 1603 452 1670 mirabili
469 1626 571 1688 opere,
589 1605 729 1689 pretiosa
744 1605 877 1669 materia
892 1609 1119 1684 constructum,
1143 1605 1227 1690 quod
1246 1605 1311 1670 iam

159 1710 222 1775 hen
244 1709 404 1793 spurcitia
419 1707 595 1774 Mahometi
618 1709 773 1786 subiacet;
800 1709 854 1774 sed
877 1711 986 1774 eadem
1008 1709 1137 1774 ecclesia
1160 1715 1229 1775 erat
1251 1733 1310 1794 pa·

160 1813 352 1880 triarchalis.

248 1919 355 1985 Habet
378 1919 514 1984 secundo
537 1919 594 1984 illa
616 1918 747 1984 ecclesia
769 1921 890 1984 cunctis
914 1919 985 1984 aliis
1001 1920 1153 1984 maiorem
1169 1919 1311 2005 pulchri·

160 2025 313 2102 tudinem,
337 2046 400 2088 non
425 2025 551 2108 quidem
574 2024 608 2088 in
631 2029 747 2088 ornatu
769 2025 927 2108 parietum
951 2028 1007 2088 aut
1030 2024 1198 2089 structuris
1221 2024 1312 2108 pavi-

159 2135 339 2194 mentorum
364 2134 421 2193 aut
443 2129 585 2214 lapidum
607 2128 778 2212 sculpturis
802 2133 858 2193 aut
881 2129 1015 2213 picturis
1031 2134 1087 2193 aut
1108 2128 1312 2207 tabulaturis,

162 2236 216 2300 sed
238 2235 271 2298 in
294 2232 461 2318 splendore
484 2234 624 2313 luminis,
647 2234 682 2298 in
697 2255 760 2318 qno
776 2233 921 2298 formalis
936 2234 1082 2298 consistit
1097 2233 1311 2318 pulchritudo.

163 2339 228 2403 vidi
250 2339 334 2403 enirn
358 2338 476 2402 multas
499 2338 645 2404 ecclesias
668 2359 762 2422 opere
784 2341 817 2402 et
839 2338 975 2402 materia
997 2338 1234 2423 splendidiores,
1258 2339 1312 2402 sed

163 2445 285 2508 nullam
309 2445 387 2509 adeo
410 2443 537 2527 copioso
562 2443 681 2507 lumine
703 2441 885 2526 perfusam,
917 2441 1040 2508 nullam
1069 2443 1116 2508 ita
1138 2443 1256 2508 claram
1279 2443 1313 2507 in

163 2547 309 2614 omnibus
333 2549 460 2634 augulis
483 2548 566 2612 sicut
588 2548 702 2626 istam;
734 2570 791 2614 nec
820 2547 918 2613 habet
947 2548 1086 2632 aliquem
1108 2548 1313 2613 tenebrosum

162 2653 316 2739 angulum
332 2656 389 2718 aut
403 2675 537 2737 opacum
552 2653 776 2719 diverticulum
791 2658 847 2719 ant
862 2653 1073 2738 fuliginosam
1084 2653 1313 2732 habitaculum,

162 2761 243 2825 sient
266 2759 404 2824 ecclesia
427 2760 563 2844 grandes
586 2757 691 2824 solent
720 2759 856 2838 habere;
887 2781 944 2825 nec
974 2759 1111 2843 capellas
1141 2759 1239 2824 habet
1261 2781 1314 2823 oc·

161 2863 272 2942 cultas,
295 2865 349 2929 sed
371 2865 496 2948 pervias
520 2869 552 2929 et
574 2865 703 2930 lucidas.

249 2967 358 3034 Tertio
381 2969 537 3036 altaribus
560 2971 757 3035 numerosior
780 2971 903 3034 cunctis
926 2968 1161 3054 parochialibus
1177 2969 1315 3034 eeclesiis

163 3077 210 3138 est
231 3074 303 3138 illa:
333 3073 431 3140 habet
454 3074 538 3139 eninr
570 3074 686 3138 altaria
709 3075 944 3160 quinquaginta
966 3097 1082 3154 unum,
1115 3097 1186 3160 qnae
1209 3073 1316 3138 omnia

164 3179 375 3262 provisionem
399 3184 432 3244 et
454 3180 700 3263 competentiam
723 3179 857 3260 habent,
887 3185 919 3245 et
941 3181 1053 3245 dotata
1075 3185 1151 3244 sunt
1173 3201 1237 3244 non
1260 3201 1316 3263 per

163 3284 322 3368 principes
345 3290 402 3348 aut
424 3284 547 3350 nobiles
572 3289 628 3349 aut
659 3308 714 3370 per
737 3285 874 3362 alienos,
908 3287 961 3350 sed
994 3308 1050 3370 per
1080 3285 1164 3368 ipsos
1196 3283 1316 3348 incolas

165 3385 340 3468 Ulmenses,
365 3392 397 3454 et
419 3390 502 3454 sicut
526 3391 653 3472 patroni
677 3395 753 3455 sunt
776 3389 924 3470 eoelesiae,
948 3391 994 3455 sic
1016 3395 1049 3454 et
1064 3389 1231 3454 collatores
1248 3411 1316 3452 om-

164 3492 251 3556 nium
276 3493 426 3558 altarium
449 3499 533 3558 sunt.
580 3493 683 3559 Multa
708 3499 814 3559 autem
839 3495 954 3560 altaria
976 3499 1068 3574 sunt,
1103 3516 1174 3578 quaa
1198 3493 1318 3558 habent

164 3597 314 3681 quinque,
338 3597 447 3683 aliqua
469 3603 616 3683 quatuor,
640 3597 748 3683 aliqua
769 3602 833 3664 tria
856 3599 1017 3664 beneficia.

251 3701 295 3766 Et
317 3724 356 3767 ex
378 3703 434 3768 illo
456 3704 601 3788 sequitur
624 3709 785 3789 quartum,
808 3705 929 3770 scilicet
951 3705 1034 3790 quod
1051 3705 1141 3768 nulla
1165 3703 1317 3788 parochia

165 3807 233 3872 sola
256 3811 289 3872 et
310 3808 443 3892 simplex
467 3813 593 3874 tantum
625 3809 742 3874 habeat
773 3811 891 3875 clerum
914 3811 947 3874 in
978 3831 1130 3888 numero,
1161 3813 1318 3893 quantum

165 3913 318 3978 ulmensis
341 3913 481 3980 ecclesia.

255 4021 375 4096 Quinto
399 4021 528 4086 ecclesia
551 4020 614 4086 ista
636 4026 684 4086 est
707 4021 923 4086 oblationibus
957 4019 1054 4085 ditior
1084 4019 1206 4084 cunctis
1235 4019 1317 4082 aliis.

167 4129 295 4205 quanta
318 4129 425 4189 autem
448 4126 514 4190 sint
536 4127 603 4190 eius
626 4127 804 4191 oblationes
826 4149 896 4210 quae
919 4125 1077 4210 quottidie
1092 4147 1148 4210 per
1163 4124 1317 4209 populum

165 4226 338 4294 ulmensenr
361 4229 538 4295 offeruntur
560 4231 600 4295 ad
622 4231 749 4315 cippum
774 4232 823 4295 vel
847 4231 965 4314 pelvim
987 4252 1045 4315 pro
1061 4231 1127 4294 eins
1143 4233 1316 4306 structura,

731 4373 749 4413 a

239 4453 252 4506 l
272 4452 459 4510 Parrochialis
472 4454 588 4510 aeclesia
607 4455 740 4512 ulmensis
751 4455 789 4510 Ill
804 4457 890 4512 habet
903 4456 1026 4526 insignia
1047 4455 1119 4510 tlon.
1135 4457 1145 4508 l
1161 4471 1208 4506 arn
1223 4453 1319 4507 rande.

935 4559 1110 4613 ,3,
