3060 4936
784 334 849 402 204

239 512 419 598 ingressum
441 511 480 576 ad
505 511 659 576 moniales
683 510 826 596 pericula
848 509 1208 576 excommunicationum
1231 512 1392 596 papalium

200 661 205 672 ·
240 617 433 702 frequenter.
478 615 562 680 Dum
598 619 705 682 autem
735 617 799 680 iam
832 613 948 680 fratres
981 615 1204 699 praedicatores
1228 618 1393 684 reformati

239 728 345 790 essent
364 723 397 788 in
422 722 533 802 Ulma,
556 727 722 806 oeperunt
744 743 853 788 eorum
876 721 1099 805 predicatores
1121 725 1233 786 eontra
1256 744 1320 786 non
1343 745 1391 790 re·

240 831 396 895 formatos
425 826 563 892 clamare
595 832 628 893 et
656 827 799 912 pericula
820 827 969 913 detegere
999 833 1032 893 et
1053 828 1392 894 excommunicationes

239 939 322 1000 latas
338 937 449 1000 contra
461 933 676 1019 ingredientes
691 931 919 998 monasterinm
936 937 1053 998 sauclae
1066 930 1166 997 (llarae
1177 934 1391 1018 promulgare,

143 1042 273 1122 „,⁰¹,‘¹,·„et
295 1040 356 1104 sihi
378 1037 565 1104 confitentes
589 1037 629 1102 ad
653 1060 767 1121 papam
791 1037 972 1116 remittere,
1007 1041 1041 1102 et
1071 1059 1108 1102 ex
1131 1037 1242 1102 multis
1274 1038 1393 1106 talibus

241 1146 343 1230 aperti
366 1143 539 1209 suntoculi
560 1143 761 1208 dominorum
776 1141 943 1208 consulum
966 1147 999 1206 et
1012 1141 1187 1208 multorum
1204 1143 1391 1210 secularium

240 1251 273 1316 in
296 1247 404 1326 Ulma,
428 1251 460 1314 et
483 1247 522 1314 ad
546 1251 638 1313 tenta
661 1247 801 1332 pericula
824 1252 991 1330 coeperunt
1013 1246 1194 1312 horrescere
1216 1252 1249 1312 et
1271 1249 1393 1326 timere,

241 1357 419 1441 quarentes
441 1375 504 1439 qua
520 1355 573 1418 via
595 1373 759 1436 cumpace
782 1357 814 1418 et
838 1351 1073 1436 tranquillitate
1088 1353 1188 1418 tantis
1212 1354 1306 1418 maha
1321 1353 1395 1420 finis

240 1460 362 1545 imponi
394 1463 509 1542 posset.
564 1457 601 1522 ln
640 1456 690 1522 his
723 1461 829 1522 autem
862 1457 981 1522 domiui
1014 1456 1180 1524 Ulmenses
1214 1461 1395 1528 consultum

240 1565 403 1632 habehant
417 1567 583 1647 expertum
599 1561 702 1627 virum
726 1566 758 1626 et
773 1560 989 1628 venerabilem
1013 1567 1141 1645 patrem
1157 1585 1255 1630 sacrae
1270 1565 1396 1632 theolo-

242 1672 306 1758 giae
328 1667 539 1754 professorem
562 1668 754 1754 magistrum
777 1667 971 1732 Ludovicum
994 1662 1115 1746 lluchs,
1150 1669 1288 1753 priorem
1320 1678 1397 1738 tnnc

243 1776 488 1861 praedicatorum
510 1773 542 1838 in
560 1771 667 1852 Ulma,
690 1774 779 1838 cuius
802 1774 934 1840 consilio
956 1779 988 1838 et
1009 1796 1105 1858 opera
1127 1775 1216 1859 prius
1239 1775 1398 1842 reforma·

244 1887 356 1946 verant
378 1885 567 1946 conventum
591 1879 834 1965 predicatorum
870 1901 940 1944 cnm
964 1879 1065 1944 multa
1097 1901 1183 1964 pace.
1235 1881 1396 1967 ¹Accepto

159 2043 161 2049 ,
244 1991 351 2054 autem
374 1985 506 2052 consilio
529 1989 562 2052 et
577 1986 709 2052 obtenta
733 2007 850 2070 apapa
874 1985 962 2050 bulla
977 1984 1213 2050 reformationis
1229 1987 1396 2054 amborum

244 2091 510 2158 monasteriorum
533 2111 616 2156 anno
640 2090 761 2156 domini
788 2089 872 2156 1484
895 2111 974 2173 opus
998 2091 1140 2175 aggressi
1171 2096 1247 2155 sunt
1276 2092 1398 2158 domini

249 2196 415 2264 Ulmenses
437 2218 507 2262 cnm
532 2197 634 2262 multa
657 2197 840 2284 sagacitate.
887 2193 1065 2262 Studebant
1087 2197 1172 2260 enim
1195 2201 1271 2262 aute
1292 2199 1398 2280 operis

164 2314 225 2396 mee·
248 2301 483 2368 inchoationem
500 2305 602 2366 totam
624 2301 686 2366 sibi
701 2301 862 2366 attrahere
885 2299 1156 2378 communitatem,
1180 2305 1217 2366 ut
1232 2301 1397 2368 domiuum

245 2410 405 2474 doctorem
428 2407 621 2491 magistrum
644 2405 830 2472 Heinrioum
852 2405 989 2472 Nithart
1010 2406 1198 2491 plebanum,
1221 2413 1255 2472 et
1277 2409 1396 2480 clerum

244 2537 281 2580 ac
304 2513 470 2598 religiosos
493 2515 526 2577 et
549 2513 721 2597 magistros
744 2511 927 2577 zunftarum
949 2517 982 2578 et
1004 2534 1113 2578 omnes
1136 2513 1219 2578 cives
1243 2535 1281 2578 ac
1304 2515 1397 2580 zuns-

244 2617 342 2697 tales,
375 2623 407 2682 et
430 2617 490 2682 hoc
512 2617 598 2682 facto
630 2617 864 2682 advocaverunt
895 2617 1010 2684 fratres
1034 2619 1172 2684 minores
1194 2617 1396 2698 reformatos,

244 2724 352 2809 eisque
380 2727 571 2789 conventum
601 2723 635 2787 iu
658 2722 786 2788 civitate
809 2722 1026 2802 tradiderunt,
1051 2728 1084 2788 et
1105 2721 1184 2788 ahos
1207 2745 1273 2788 non
1297 2724 1398 2790 refor-

243 2834 347 2894 matos
378 2829 504 2914 penitus
527 2834 618 2894 extra
647 2831 839 2893 conventum
869 2831 902 2892 et
923 2828 1085 2894 civitatem
1109 2826 1310 2911 expulerunt.
1355 2830 1400 2896 Et

244 2935 302 2999 illa
324 2935 462 3008 fratrum
485 2932 671 2998 reformatio
694 2932 918 2998 difficultatem
942 2932 1065 3011 hebuit,
1089 2932 1143 2998 sed
1158 2954 1301 3016 parram,
1325 2937 1400 3018 quia

245 3061 334 3124 paeue
356 3061 485 3117 omnes,
517 3039 573 3124 qui
603 3038 799 3104 reformandi
829 3036 965 3102 fuissent
994 3043 1207 3118 recesserrmt,
1240 3038 1288 3103 ita
1316 3041 1400 3125 quod

124 3167 128 3172 ·
245 3144 431 3210 reformatio
461 3143 523 3207 fuit
546 3165 709 3208 murorum
741 3147 774 3208 et
797 3143 926 3221 domus,
959 3165 1025 3208 uon
1053 3145 1206 3223 fratrum,
1240 3145 1317 3230 quia
1339 3147 1400 3230 ipsi

245 3249 468 3314 reformatores
501 3253 592 3314 erant
625 3249 685 3312 loci
717 3251 845 3314 tantum
876 3271 1071 3333 possessores
1104 3255 1137 3316 et
1165 3271 1229 3316 non
1262 3251 1400 3318 fratrum

246 3354 479 3420 reformatores.
525 3351 712 3418 Reformato
748 3359 855 3420 autem
878 3361 1037 3420 conventu
1059 3357 1196 3422 fratrum
1227 3357 1341 3424 statim
1362 3359 1400 3424 ad

247 3459 484 3524 reformandum
506 3479 629 3524 sorores
654 3463 744 3524 extra
766 3459 799 3524 in
824 3457 986 3546 Sellingen
1019 3485 1149 3540 manum
1173 3468 1398 3548 apposuerunt

247 3569 279 3628 et
291 3562 433 3648 quiahoc
443 3563 586 3642 arduum,
600 3562 792 3628 laboriosum
807 3567 839 3628 et
847 3564 1059 3649 periculosum
1069 3570 1149 3646 erat,
1160 3573 1401 3652 assumpserunt

247 3690 352 3733 secum
376 3669 483 3753 plures
509 3668 591 3734 viros
614 3669 723 3732 doctos
746 3673 778 3734 et
801 3673 963 3753 expertos,
987 3670 1154 3755 religiosos
1177 3677 1210 3736 et
1232 3674 1398 3752 seculares,

247 3777 280 3837 et
310 3774 507 3839 consiliarios
538 3773 659 3838 domini
692 3773 872 3838 Eberhardi
905 3776 943 3840 de
968 3773 1192 3860 Wirtenberg,
1227 3782 1261 3842 et
1295 3778 1400 3862 plures

247 3877 370 3943 nobiles
399 3879 547 3944 affectum
576 3877 653 3943 boni
684 3877 847 3946 habentes.
894 3879 946 3946 Sic
978 3901 1054 3966 ergo
1087 3881 1208 3946 domiui
1232 3881 1399 3950 Ulmenses

247 3981 381 4066 stipati²
397 3983 579 4048 doctoribus
591 3983 749 4069 religiosis
761 3983 956 4048 diversorum
971 3985 1129 4064 ordinum,
1145 3985 1319 4066 nobilibus,
1336 3989 1400 4054 suis

247 4085 429 4152 concivibus
446 4092 478 4152 et
492 4086 687 4152 zunftalibus
703 4089 834 4154 armatis
851 4092 883 4154 et
894 4090 1104 4155 communiter
1115 4092 1239 4156 vestitis
1256 4091 1400 4158 exierunt

815 4223 832 4264 'l‘

318 4327 479 4384 lDifficilis
497 4326 661 4384 reformatio
679 4327 819 4399 Seflingen
838 4329 911 4386 hlon.
939 4331 951 4384 1
988 4347 1034 4384 am
1054 4331 1149 4388 rande.
1239 4331 1396 4402 tetipatus

251 4417 386 4486 umringt,
406 4415 550 4486 begleitet.
577 4415 631 4470 cio.
