3014 4926
646 361 690 434 83

167 565 220 604 πω
247 543 295 612 De
316 543 390 611 uelis
414 565 474 631 ego
495 545 610 610 missus
633 567 703 610 sum
726 544 766 610 ad
790 549 821 610 te
843 541 1079 622 consolandum,

248 653 412 737 Tuamque
434 649 589 720 familiam
612 650 729 723 lassum
751 648 1015 728 confortandum

246 756 379 842 Propter
402 753 511 820 Jesum
535 775 668 839 puerum
690 759 723 819 et
744 754 902 840 virginem
926 753 1061 821 Mariam

245 860 320 928 Tibi
342 859 413 926 uult
434 859 620 926 abbreviare
642 859 718 925 deus
740 863 830 924 tuem
853 859 949 924 rium.

245 966 297 1030 Ad
319 965 383 1030 hue
404 964 480 1049 quie
501 963 562 1030 tihi
584 967 707 1030 restent
727 964 844 1051 uiginti
866 967 931 1030 tres
954 964 1046 1042 dieto,

166 1088 221 1128 um
247 1067 334 1146 Ques
356 1067 508 1134 transibis
530 1066 599 1134 solu
620 1067 671 1134 die
692 1068 831 1152 erastino
853 1070 968 1154 quiete.

246 1173 337 1239 Tune
358 1178 393 1239 tu
417 1177 535 1239 terrem
558 1173 597 1238 ud
620 1195 717 1258 quom
738 1173 853 1240 missus
876 1197 909 1240 es
930 1176 1127 1262 ingredieris,

246 1277 297 1346 Ibi
318 1301 449 1346 monens
471 1278 571 1346 donee
592 1279 665 1344 inde
687 1301 816 1364 perure
838 1281 1022 1346 revoceris«

246 1383 368 1470 Joseph
390 1388 494 1450 eutem
519 1385 719 1470 angelicum
743 1385 873 1451 verbum
896 1385 957 1450 hoo
979 1385 1109 1464 audivit,
1228 1417 1232 1432 ·

246 1488 327 1556 Cum
349 1489 503 1556 immenso
525 1489 642 1575 gaudio
664 1511 721 1574 per
745 1490 828 1554 viem
851 1513 939 1554 suam
963 1491 1031 1556 ivit.

163 1615 219 1652 πω
247 1595 293 1660 Et
314 1595 413 1662 dietus
434 1594 502 1665 solo
525 1595 576 1659 die
596 1594 713 1680 uiginti
737 1598 801 1660 tres
824 1595 983 1675 transivit,

249 1699 297 1766 Ut
320 1701 453 1786 angelus
475 1699 655 1785 predixerat
676 1699 841 1786 Egyptum
863 1701 1017 1766 introivit.
1123 1712 1127 1729 ¹

274 2015 329 2089 De
355 2015 488 2088 arbone
514 2016 657 2110 persico
684 2037 756 2111 que
782 2017 980 2090 inelinavit
1007 2041 1055 2092 se.

247 2223 310 2292 Sed
332 2224 372 2289 ed
394 2224 553 2309 quendum
577 2224 740 2290 oiritstem
761 2223 884 2310 Egypti
907 2247 978 2292 oum
1001 2227 1171 2306 venisseut,

246 2327 449 2415 Hermopolis
471 2351 532 2415 que
554 2329 678 2408 dieitur,
702 2333 798 2414 etque
819 2330 1052 2409 transivissent,

246 2433 349 2519 Prope
370 2432 529 2518 quandum
551 2433 696 2500 arborem
719 2455 781 2519 que
803 2437 851 2500 est
872 2435 1032 2520 appellate

161 2560 218 2602 sue
246 2538 389 2606 Persicus
410 2543 443 2604 et
463 2537 569 2604 fueret
590 2539 712 2606 eunetis
735 2539 878 2606 dedicate

245 2643 441 2710 Demonibus
463 2644 504 2710 eb
526 2643 638 2710 ineolis
659 2643 746 2710 illius
768 2645 917 2730 regionis

246 2749 291 2816 Et
311 2753 381 2816 eret
402 2749 446 2850 sip
467 2749 604 2814 monime
627 2749 848 2829 remorationis,

245 2853 297 2920 Ad
319 2853 402 2922 hune
424 2858 530 2922 eutem
552 2854 698 2924 arborem
719 2853 813 2922 Jeeus
835 2877 906 2920 eum
929 2856 1060 2935 veniret,

244 2958 413 3044 Ipsumque
435 2981 507 3028 oum
529 2960 681 3026 oomitetu
704 2983 762 3026 suo
784 2960 1002 3045 pertransiret,

164 3085 220 3122 2³³⁰
247 3063 353 3130 Arbor
373 3063 432 3130 heo
454 3063 495 3132 ab
517 3062 583 3128 ulto
605 3085 679 3130 suos
701 3085 806 3132 remos
827 3064 1003 3142 inclinauit,

246 3167 476 3240 Transeuntem
497 3170 671 3234 ereetorem
692 3189 785 3235 suum
808 3168 961 3235 adomvit.

244 3272 323 3342 Cum
347 3272 442 3340 remis
464 3271 529 3338 suis
552 3273 648 3338 orbor
670 3273 729 3342 heo
750 3273 790 3338 ed
812 3278 930 3340 terrem
952 3272 1137 3338 incurvetur

247 3376 355 3464 Atque
376 3375 487 3443 Jesum
509 3381 726 3448 transeuntem
745 3400 846 3464 prone
867 3383 1045 3444 veneretur.

247 3483 408 3550 Virtutem
431 3487 554 3556 tuntum
577 3482 673 3548 orbor
693 3483 751 3549 heo
773 3483 814 3548 eb
836 3483 893 3548 illo
915 3505 989 3548 mox
1011 3482 1164 3566 conoepit,

161 3607 217 3646 mer
246 3586 402 3672 Tempore
424 3588 507 3674 quod
529 3587 677 3654 omuibus
699 3609 766 3656 esse
784 3589 852 3673 jun
875 3587 994 3673 inoepit

245 3693 367 3758 Morbis
389 3692 563 3771 salutifere,
586 3693 707 3758 eunetis
730 3713 856 3778 quoque
878 3692 981 3772 mulis,

246 3796 295 3862 Ao
316 3797 557 3878 infirmitatibus
579 3803 656 3872 tuno
678 3797 885 3877 medioinslis,

246 3901 353 3968 Arbor
374 3901 433 3968 heo
455 3923 516 3986 que
537 3903 626 3986 prius
648 3905 717 3973 erut
738 3902 960 3988 superstitiose

247 4005 294 4071 De
317 4007 484 4078 demonum
507 4007 642 4072 oruoulis
665 4012 698 4078 et
721 4008 912 4093 prestigiose

161 4131 218 4169 πω
247 4111 297 4176 Ex
319 4109 395 4178 Jesu
417 4111 537 4179 Christi
560 4113 698 4178 transitu
721 4133 805 4180 nuno
828 4112 1054 4194 sanctificetur,

246 4215 290 4282 Et
311 4218 436 4284 culture
457 4217 626 4287 demonum
647 4220 689 4286 eb
712 4219 772 4284 heo
794 4218 999 4294 eliminatum

246 4318 330 4386 Nem
345 4321 465 4388 fruotru
481 4323 547 4389 eius
563 4327 658 4409 utque
680 4324 817 4403 frondes,
840 4327 957 4403 cortex,
981 4323 1120 4409 lignum,
1144 4322 1238 4386 flores

249 4423 337 4492 Fsoti
360 4433 435 4494 sunt
457 4429 628 4502 remedium
651 4434 780 4496 eunotos
803 4430 842 4496 sd
866 4429 999 4494 dolores.

988 4533 1004 4590 ,5
1017 4530 1032 4561 a
