3074 4934
792 369 855 436 200

248 567 325 631 ergo
346 543 416 610 loco
444 543 591 608 monachi
617 542 769 608 Burronis
800 544 980 608 divinarum
1006 543 1232 629 Nympharum
1254 546 1401 608 constru-

149 647 242 727 sidio.
249 655 364 716 xerunt
381 649 610 728 habitaculum,
627 649 856 714 monasterium
871 648 992 714 scilicet
1007 649 1180 735 virgenum,
1204 652 1237 713 et
1253 653 1400 713 sanctum

242 755 417 823 Nicolaum
448 755 684 820 constituerunt
718 754 857 819 ecclesia>
884 759 1072 839 patronum,
1106 759 1143 819 ut
1177 753 1235 818 has
1265 754 1401 823 mundas

248 866 390 928 tueretur
404 859 583 945 Nymphas,
606 860 689 924 sicut
711 859 787 924 olim
803 860 1051 944 persequebatur
1072 858 1215 924 sordidas
1230 857 1401 943 Nymphas

249 968 361 1033 Dianae
383 965 516 1044 sodales,
540 969 577 1030 ut
598 964 736 1030 habetur
757 964 792 1028 in
815 966 882 1030 eius
905 965 1048 1050 legenda.
1094 961 1179 1030 Huic
1205 969 1317 1030 sancto
1339 963 1401 1029 Ni-

248 1073 337 1137 colao
361 1071 575 1136 adiunxerant
598 1070 736 1134 ecclesiae
758 1069 846 1134 illius
862 1075 1027 1154 patronam
1045 1074 1188 1134 sanctam
1202 1069 1400 1155 Nympham,

249 1199 345 1263 quam
374 1180 453 1262 puto
482 1174 572 1239 illam
602 1197 684 1254 esse,
721 1176 810 1239 cuius
839 1175 996 1254 meminis,
1016 1175 1134 1242 Paulus
1165 1175 1329 1261 apostolus
1360 1175 1400 1240 ad

248 1283 448 1349 colossenses
479 1282 592 1345 ultimo
609 1280 639 1358 ¹,
671 1302 741 1365 quae
772 1303 810 1345 ex
832 1278 976 1367 Phrygia
1007 1281 1171 1365 provincia
1201 1282 1240 1346 de
1271 1281 1401 1366 egregia

248 1389 377 1453 civitate
400 1385 554 1452 Laodicea
575 1390 652 1450 nata
675 1407 713 1450 ex
736 1386 911 1470 gentilibus
934 1387 1119 1470 parentibus
1139 1385 1292 1472 Nympha
1315 1387 1399 1451 dicta

249 1495 319 1572 luit,
344 1493 419 1579 qnia
434 1493 467 1556 in
484 1492 591 1556 eadem
607 1491 772 1575 provincia
786 1491 890 1557 cultus
906 1491 1131 1577 Nympharum
1147 1492 1305 1556 maximus
1326 1490 1397 1570 fuit,

248 1605 281 1664 et
303 1603 352 1664 est
373 1597 462 1682 regio
494 1595 551 1661 illa
573 1596 770 1661 contermina
793 1595 897 1682 Lyciae
912 1595 938 1677 ²,
972 1597 1056 1662 unde
1087 1601 1215 1662 sanctus
1245 1595 1399 1661 Nicolaus

248 1707 354 1768 ortum
377 1701 501 1766 habuit
547 1699 743 1766 Praedicaute
765 1706 871 1766 autem
894 1701 994 1767 Paulo
1017 1723 1089 1767 cum
1113 1701 1263 1766 Bernaba
1285 1701 1402 1766 Laodi·

249 1831 310 1873 ceae
332 1797 483 1873 conversa
504 1810 552 1870 est
566 1805 719 1891 Nympha
740 1808 780 1871 ad
794 1807 889 1872 fidem
912 1829 985 1873 cum
1006 1809 1155 1873 universa
1176 1804 1271 1872 domo
1285 1829 1344 1872 sua
1367 1811 1399 1871 et

249 1921 314 1980 tam
339 1917 457 1979 senctae
480 1914 553 1977 vitae
576 1913 655 1990 fuit,
687 1918 724 1978 ut
746 1918 875 1980 sanctus
898 1913 1016 1979 Paulus
1040 1915 1078 1979 de
1100 1911 1235 1976 vinculis
1258 1933 1276 1976 e
1298 1909 1401 1976 Roma

249 2019 282 2083 in
305 2020 440 2103 epistola
462 2016 701 2084 Colossensibus
731 2020 828 2084 missa
856 2041 925 2084 eam
948 2020 1081 2085 salutari
1107 2041 1145 2083 ex
1166 2040 1199 2083 se
1225 2018 1400 2096 mandaret,

249 2123 376 2208 fuitque
398 2123 527 2208 hospita
542 2123 784 2208 praedicatorum
800 2125 985 2209 primorum,
1009 2145 1180 2208 omnesque
1196 2123 1295 2187 divini
1313 2121 1399 2187 verbi

249 2250 408 2315 precones
431 2229 571 2313 suscepit
593 2235 625 2294 et
647 2229 861 2313 provisionem
884 2231 970 2309 fecit,
995 2235 1031 2294 ut
1053 2229 1217 2313 colligitur
1239 2251 1277 2292 ex
1293 2227 1400 2312 glossa

249 2335 396 2423 magistri
418 2357 512 2419 super
535 2335 733 2418 apostolum,
763 2339 796 2400 et
828 2357 867 2400 ex
890 2335 985 2400 Petro
1013 2335 1052 2400 de
1081 2333 1338 2410 Tharentssis⁸,
1367 2337 1400 2396 et

250 2439 385 2506 Nicolao
407 2439 446 2503 de
468 2439 551 2524 Lyra
574 2441 632 2504 col.
657 2439 710 2504 4⁴.

336 2543 442 2630 Igitur
456 2546 490 2609 in
506 2546 661 2610 ambobus
676 2546 753 2610 locis
769 2551 836 2611 tam
853 2545 1080 2612 monachorum
1101 2567 1196 2630 quam
1212 2543 1400 2609 monialium

249 2649 376 2715 divinus
399 2649 503 2714 cultus
520 2651 629 2716 multis
645 2653 736 2716 annis
751 2652 972 2717 celebrabatur
989 2675 1060 2717 cum
1075 2651 1178 2716 mults
1193 2649 1362 2715 devotione
1376 2647 1398 2712 ⁵.

250 2753 376 2819 Accidit
391 2759 464 2818 aute
479 2777 596 2819 manno
612 2755 732 2820 domini
751 2755 833 2819 1348
857 2755 926 2820 lieri
942 2779 997 2840 per
1020 2758 1203 2821 uuiversum
1218 2755 1284 2820 fere
1305 2777 1400 2818 mun·

250 2861 325 2925 dum
347 2860 610 2924 immanissimam
625 2865 754 2944 pestem,
777 2883 840 2945 qua
855 2866 905 2926 tot
920 2861 1064 2927 homines
1086 2862 1306 2928 moriebantur
1322 2881 1402 2945 quo·

250 2965 341 3042 tidie,
366 2969 402 3029 ut
424 2965 570 3029 civitates
592 2971 624 3032 et
648 2965 731 3030 villae
753 2971 982 3032 evacuarentur
1012 2972 1045 3032 et
1074 2968 1178 3032 multa
1208 2965 1400 3032 monasteris

251 3071 319 3136 sine
341 3069 504 3135 monachis
527 3077 641 3136 essent.
679 3071 727 3135 illi
751 3073 835 3136 enirn
850 3073 998 3137 monachi
1024 3074 1078 3157 qui
1095 3073 1282 3157 superstites
1298 3075 1397 3148 erant,

251 3175 371 3240 nonin
395 3174 594 3240 monasteriis
624 3174 734 3240 sedin
758 3175 941 3242 civitatibus
965 3182 1073 3258 erant,
1104 3183 1137 3242 et
1169 3178 1287 3242 assueti
1310 3197 1400 3241 secu·

251 3281 365 3344 larium
397 3299 521 3344 morum
551 3279 588 3344 de
620 3281 704 3344 malo
731 3280 764 3344 in
798 3281 887 3365 peius
909 3281 1120 3362 labebantur,
1154 3281 1322 3366 factusque
1354 3283 1401 3345 est

251 3385 393 3450 omnium
417 3383 608 3469 religionum
639 3385 746 3469 lapsus
769 3389 877 3471 gravis
900 3389 933 3452 in
957 3387 1020 3452 ista
1043 3393 1146 3472 peste,
1181 3387 1257 3472 quia
1285 3384 1401 3452 maturi

250 3491 469 3556 moriebantur
491 3497 523 3556 et
545 3493 637 3575 pauci
661 3496 874 3556 remanentes·
892 3495 974 3577 spud
998 3494 1135 3558 medicos
1158 3493 1191 3556 in
1215 3492 1399 3557 civitatibus

251 3598 420 3683 degebant,
444 3605 480 3665 ut
502 3599 536 3663 in
560 3599 628 3664 vita
643 3604 906 3664 conservarentur
922 3603 954 3664 et
978 3599 1100 3664 solatiis
1121 3599 1306 3683 gauderent.
1354 3597 1400 3661 Eo

250 3709 394 3788 ternpore
424 3703 572 3768 monachi
601 3709 773 3770 conventus
798 3705 957 3791 Augensis
986 3727 1074 3789 paene
1106 3727 1214 3770 omnes
1249 3705 1287 3768 de
1310 3702 1399 3768 Ovvia

252 3809 444 3893 emigrantes
467 3809 499 3872 iu
516 3805 613 3873 Ulmo
628 3831 687 3873 sua
701 3809 831 3874 civitate
846 3809 1064 3874 morabantur.
1103 3814 1135 3875 et
1158 3810 1234 3894 quia
1252 3807 1400 3874 ditissimi

253 3917 345 3977 erant
367 3917 400 3976 et
420 3934 533 3996 parum
550 3913 587 3977 de
610 3913 763 3998 religione
780 3912 951 3994 habebant,
975 3914 1093 3980 multos
1108 3915 1209 3980 socios
1232 3913 1402 3992 habebant,

820 4029 837 4068 a

325 4109 533 4168 lCollocenses
551 4111 625 4166 Mon.
647 4114 668 4166 l.
705 4111 756 4166 Dic
780 4111 862 4165 stelle
887 4111 926 4166 ist
944 4111 1018 4166 vvolrl
1037 4111 1086 4167 Ool
1114 4111 1201 4168 4.15.
1291 4107 1404 4165 eureio

254 4201 327 4258 Mon.
348 4201 370 4254 1.
408 4199 489 4254 Litiae
510 4199 596 4256 Wibl.
617 4199 705 4256 Schm.
788 4198 857 4254 sde
875 4199 1064 4255 Therentasia
1083 4199 1168 4254 Wibl.
1187 4197 1268 4256 Gold.
1294 4201 1336 4254 ut.
1372 4197 1404 4252 de

253 4289 352 4344 There.
372 4287 432 4342 Sch.
453 4285 495 4340 Kl.
515 4283 605 4340 Schm.
654 4287 689 4341 de
716 4287 835 4342 Theren.
863 4287 936 4344 lion.
959 4290 981 4342 l.
1070 4287 1207 4342 leolum.
1225 4289 1243 4342 4
1261 4287 1341 4345 Gold.
1361 4291 1401 4343 ut.

252 4376 305 4432 col.
322 4377 362 4430 4¹⁰
382 4375 455 4430 Mon.
477 4377 500 4428 l.
520 4372 580 4428 Sch.
600 4373 644 4429 Kl.
681 4373 738 4431 Col.
759 4377 775 4428 4
794 4373 880 4428 Wibl.
942 4374 1067 4431 5Pestis
1085 4375 1245 4446 primitivas
1264 4373 1403 4432 destruxit

253 4461 450 4520 observanoios
469 4461 542 4517 Mon.
564 4463 587 4516 l.
606 4479 653 4516 arn
670 4461 767 4518 rande.
