2996 4924
692 309 731 377 21

132 593 236 677 Quod
273 593 393 666 Maria
420 595 526 689 virgo
563 595 603 666 in
636 597 744 668 utero
781 596 914 669 matris
949 595 1208 670 sanctificatur
1242 600 1282 671 et

130 738 200 812 per
238 717 410 812 spiritum
448 721 620 792 sanctum
662 717 710 791 ab
751 719 925 814 originali
963 722 1119 814 peccato
1152 721 1192 793 et
1231 721 1279 792 ab

315 841 419 914 omni
445 841 576 914 fomite
603 845 844 937 peccatorum
874 843 1090 915 mundatur.

285 1013 366 1080 Cum
388 1037 445 1100 per
467 1015 619 1080 mandam
636 1017 780 1081 animam
803 995 867 1082 iam
890 1015 1112 1101 organizatum

285 1119 379 1184 Esset
400 1119 461 1184 hoc
483 1119 704 1203 corpusculum
727 1124 759 1184 et
783 1120 987 1201 vivificatum,

220 1241 271 1284 ιω.
285 1223 483 1290 Descendens
506 1227 634 1291 sanetus
657 1225 789 1309 spiritus
811 1225 894 1291 hanc
916 1227 1128 1293 sanctificavit

286 1329 399 1395 Adhuc
420 1331 454 1395 in
478 1331 590 1395 matris
612 1334 714 1410 utero,
737 1353 793 1396 seu
815 1331 997 1416 purificavit

284 1433 459 1502 Immundis
482 1460 502 1502 a
523 1437 681 1522 contagiis
704 1441 737 1502 et
760 1437 910 1522 originali

287 1539 427 1619 Peccata,
450 1563 505 1606 seu
528 1541 660 1606 libidine
684 1540 732 1606 vel
756 1540 867 1606 fomite
890 1541 1021 1607 carnali.

283 1643 396 1730 Itaque
417 1649 546 1711 sanctus
568 1645 700 1731 spiritus
722 1647 756 1710 in
779 1667 816 1712 oa
838 1647 1005 1733 requievit,

219 1769 258 1808 Μ
285 1749 352 1816 Noc
373 1773 437 1816 non
460 1773 530 1816 eam
553 1751 732 1836 septiformi
754 1753 861 1837 gratia
884 1753 1029 1838 replevit,

283 1857 327 1922 Et
348 1857 470 1922 cunctis
493 1856 692 1942 spiritalibus
715 1857 839 1922 dotavit
861 1879 932 1922 eam
954 1856 1056 1935 donis,

283 1960 350 2028 Nec
372 1983 436 2026 non
458 1961 659 2028 naturalibus
682 1964 809 2028 ornarit
832 1986 902 2029 eam
925 1962 1027 2027 bonis.

283 2065 333 2132 Sic
355 2067 497 2132 nondum
519 2071 596 2132 nata
618 2067 722 2152 proles
744 2067 802 2133 hec
825 2091 881 2154 per
902 2068 968 2133 rite
990 2068 1221 2132 nutrimentum

283 2171 326 2238 Et
348 2195 405 2258 per
426 2177 572 2239 sanctum
594 2173 744 2257 spiritum
766 2173 885 2260 recepit
907 2174 1148 2238 incrementum.

318 2411 372 2485 Do
399 2412 602 2484 nativitate
631 2413 741 2485 beate
768 2410 924 2505 virginis
950 2411 1078 2484 Maria.

220 2613 258 2652 Μ
283 2595 343 2662 Sed
366 2619 438 2661 cum
460 2599 586 2680 tempus
609 2596 786 2662 advenisset
810 2597 902 2661 Anne
924 2596 1067 2680 pariendi

281 2699 433 2788 Horaque
454 2701 646 2766 sanctissimi
668 2702 821 2786 germinis
844 2701 1003 2780 nascendi,

282 2804 406 2872 Prolem
428 2806 644 2872 beatissimam
666 2807 788 2891 peperit
810 2805 904 2872 beata

281 2911 384 2978 Mater
407 2935 463 2998 per
484 2935 580 2998 quam
603 2911 688 2976 salus
712 2916 760 2976 est
782 2913 843 2977 toti
866 2913 984 2978 mundo
1006 2913 1090 2978 data.

281 3016 442 3104 Serusque
463 3018 592 3084 feminei
614 3018 652 3083 lit
673 3019 777 3104 proles
800 3019 857 3084 hec
878 3018 991 3098 fidelis,

218 3141 255 3180 ⁴⁰⁰
281 3121 326 3190 Ut
347 3127 433 3210 patri
456 3127 682 3191 nuntiaverant
704 3125 801 3190 rerba
824 3123 1005 3210 Rapbaelis.

280 3228 465 3296 Jocunditas
487 3236 520 3296 et
540 3231 693 3318 gaudium
716 3231 844 3316 utrique
865 3229 903 3295 fit
926 3231 1061 3315 parenti,

279 3332 363 3400 Nam
385 3336 569 3402 letabuntur
590 3335 723 3401 nimium
748 3335 786 3402 de
808 3357 906 3421 puero
928 3335 1080 3414 nascenti,

279 3439 323 3506 Et
344 3441 557 3508 decantabant
578 3419 737 3508 cauticum
758 3464 830 3507 cum
853 3440 1059 3519 exultatione,

279 3543 513 3614 Beuedicabant
535 3548 698 3614 dominum
719 3547 753 3613 in
776 3547 973 3613 iubilatione.

219 3867 224 3876 ,
263 3783 457 3860 Canticum
484 3785 658 3860 Joaehim
686 3785 805 3880 patris
833 3783 969 3859 Sancte
996 3783 1125 3858 Marie.

216 3985 255 4024 «ω
279 3965 374 4033 Pater
395 3967 493 4052 prolis
515 3965 662 4032 Joachim
685 3967 844 4034 mnticum
867 3968 1028 4046 cantabat,

278 4071 344 4139 Geli
366 4077 450 4138 terre
472 4078 644 4139 creatorem
667 4073 725 4137 hec
747 4072 854 4138 dicens
876 4071 1096 4138 collaudabat:

683 4204 702 4244 ᾔ

197 4313 229 4368 n
245 4315 294 4371 aa»
311 4287 479 4373 iunctae
498 4317 570 4374 naen
589 4319 640 4376 aaa
659 4319 731 4373 aaa
749 4317 778 4372 n
796 4333 850 4372 nur
868 4315 914 4372 no
932 4316 1025 4372 caan
1043 4314 1137 4372 ceusu
1157 4317 1267 4372 verer.

123 4401 178 4459 391
197 4401 251 4457 und
268 4403 320 4460 392
337 4403 430 4462 fehleu
449 4405 478 4462 in
497 4405 529 4465 G.
