3072 4936
792 355 854 422 150

245 537 294 597 est
317 532 485 596 comitatus
502 532 641 617 Albegg,
665 533 861 616 possessione
878 530 1038 614 quondam
1053 527 1228 596 illustrium
1246 530 1398 596 comitum

244 639 282 702 de
313 636 512 725 Werdaberg
542 637 675 716 nobilis,
710 659 804 722 quem
826 657 910 700 nuno
933 633 1099 701 Ulmenses
1133 636 1325 702 custodiunt.
1363 637 1396 700 in

163 737 167 748 '
247 747 339 826 parte
360 743 561 807 meridionali
584 741 699 806 ducum
721 741 862 807 Austriae
885 744 933 806 est
956 741 1125 806 comitatus
1146 738 1330 828 Kirchberg
1352 743 1399 806 vi·

150 829 336 910 ui⁰¹i¹incinus
359 843 575 925 Ulmensibus,
599 845 689 909 cuius
712 844 840 909 termini
857 867 966 910 eorum
988 845 1133 910 terminis
1156 849 1233 910 sunt
1246 847 1398 911 intricati.

245 951 279 1014 in
302 955 393 1035 parte
416 949 603 1016 occidentali
626 950 741 1014 ducum
763 951 900 1016 Austriae
923 955 972 1016 est
986 951 1156 1016 comitatus
1172 949 1398 1038 Schellrlingen

247 1061 280 1122 et
300 1057 435 1122 baronia
450 1054 623 1141 Justingen
641 1056 674 1119 in
690 1077 755 1140 qus
769 1057 903 1122 barones
919 1056 1045 1142 imperii
1060 1057 1180 1121 domini
1196 1056 1235 1122 de
1249 1055 1377 1122 Stefflin
1390 1057 1399 1092 ¹

245 1163 366 1227 habent
398 1160 620 1238 residentiam,
655 1177 726 1246 quae
760 1160 877 1226 finibus
911 1161 1113 1228 Ulmensium
1143 1162 1332 1248 iunguntur.
1369 1163 1402 1226 in

247 1273 338 1351 parte
354 1271 460 1332 sutem
476 1264 656 1351 aquilonari
671 1270 720 1330 est
740 1265 909 1330 comitatus
926 1265 1109 1353 Ruggensis
1124 1267 1209 1331 inter
1224 1267 1400 1332 Burroncm

248 1377 280 1437 et
303 1371 486 1450 Gerhusen,
521 1374 553 1435 et
575 1369 708 1433 ulterius
737 1369 839 1454 magis
862 1367 895 1434 in
927 1369 1108 1455 aquilonem
1140 1371 1327 1436 declinando
1355 1376 1405 1436 est

249 1477 418 1542 comitatus
440 1475 619 1540 Heliastein
638 1474 848 1554 Ulmensium,
873 1474 907 1538 in
933 1497 996 1560 quo
1012 1481 1119 1540 tamen
1137 1476 1256 1540 domini
1272 1476 1406 1542 comites

249 1583 287 1647 de
320 1580 497 1648 Heliastein
531 1581 669 1644 resident
698 1580 729 1644 in
763 1579 975 1644 munitissima
1009 1601 1080 1645 arce
1108 1579 1286 1666 Hiltaburg
1319 1583 1407 1647 inter

250 1685 448 1773 Geisslingen
480 1691 513 1750 ot
545 1685 742 1768 Wisastaig,
773 1683 891 1768 oppida
921 1684 998 1748 dicti
1038 1686 1216 1752 comitatus.
1272 1687 1324 1752 Ex
1353 1687 1407 1752 bis

251 1790 387 1856 babetur
409 1791 547 1856 conflata
571 1812 665 1854 aurea
688 1810 805 1854 corona
827 1811 899 1853 cum
923 1788 999 1853 liliis
1027 1811 1084 1874 per
1112 1812 1229 1876 gyrum
1260 1791 1406 1857 civitatis

251 1895 422 1962 Utinensis.
468 1894 529 1960 Sed
545 1895 626 1960 sicut
642 1915 758 1958 corona
773 1915 869 1960 aurea
885 1897 1011 1959 tantum
1027 1917 1091 1959 non
1106 1901 1274 1980 reputatur
1290 1901 1408 1960 ornata

252 2007 284 2065 et
305 2003 453 2085 pretiosa,
477 2001 540 2064 nisi
563 2021 696 2086 gemmae
719 1999 747 2064 ei
763 2000 829 2064 sint
848 2000 976 2064 insertae
999 2004 1031 2063 et
1045 2001 1229 2086 margaritae
1245 2002 1406 2086 pretiosae,

252 2107 297 2172 sic
320 2129 376 2171 nec
398 2107 568 2191 praedictus
590 2105 726 2170 circulus
749 2105 883 2169 seculari
907 2103 1077 2170 nobilitate
1099 2127 1212 2170 aureus
1228 2107 1309 2172 satis
1332 2130 1406 2192 pre-

252 2212 353 2277 tiosus
369 2215 401 2276 et
418 2213 548 2276 decorus
562 2210 710 2292 habetur,
733 2211 795 2275 nisi
818 2211 954 2295 gemmis
969 2211 1145 2295 spiritualis
1160 2211 1294 2276 dominii
1310 2236 1409 2278 orna-

252 2323 349 2398 retur,
366 2321 403 2382 ut
417 2339 533 2384 corona
548 2339 644 2383 aurea
657 2321 739 2382 esset
754 2317 846 2404 signo
862 2316 1042 2381 sanctitatis
1058 2338 1213 2402 expressa
1260 2315 1299 2382 In
1315 2323 1409 2403 parte

148 2426 242 2507 ffl„
253 2445 330 2508 ergo
353 2421 499 2488 orientali
522 2423 680 2507 praedictae
703 2445 827 2488 coronae
855 2423 993 2487 emicant
1023 2444 1155 2508 gemmae
1178 2421 1408 2510 Roggaburg¹

254 2535 286 2594 et
307 2527 474 2614 Ursperg³
498 2529 617 2594 ordinis
639 2527 1005 2613 premonstratensium,
1036 2549 1172 2612 quorum
1198 2528 1339 2612 primum
1365 2529 1409 2594 ab

255 2633 387 2718 antiquo
410 2634 470 2697 sub
493 2635 594 2698 tutela
609 2633 813 2700 Ulmensium
835 2634 899 2698 fnit
917 2656 1016 2718 usque
1031 2633 1069 2697 ad
1086 2633 1237 2698 moderna
1252 2638 1410 2718 tempora.

255 2735 329 2801 Dux
351 2738 436 2802 enim
459 2737 603 2802 Bavariae
628 2737 783 2824 Georgius
806 2739 1036 2804 monesterium
1058 2761 1129 2804 cum
1155 2738 1221 2804 eius
1245 2738 1411 2804 territorio

256 2843 391 2923 invasit,
419 2847 451 2908 et
478 2842 539 2906 sibi
567 2845 672 2909 iurare
695 2845 865 2930 compulit,
896 2845 935 2910 de
964 2865 1028 2928 quo
1058 2843 1145 2908 infra
1172 2843 1297 2910 dicetur
1319 2849 1352 2910 et
1373 2843 1409 2909 in

222 2947 229 2958 '
255 2947 404 3012 chronica
435 2945 646 3013 Ulmensium.
701 2949 762 3014 Est
791 2951 888 3016 etiam
916 2949 963 3014 ibi
1002 2949 1240 3014 Wettahusen⁴
1277 2949 1411 3014 canoni-

255 3075 364 3118 corum
397 3053 594 3138 regularium
626 3059 659 3118 et
681 3055 907 3120 Ettlistetteu⁶
937 3055 1128 3120 feminarum
1158 3055 1409 3120 canonissarum.

256 3160 311 3224 aed
334 3163 366 3224 et
394 3159 559 3244 episcopus
589 3163 621 3224 et
653 3161 795 3225 canonici
826 3162 965 3226 civitatis
999 3159 1212 3245 Augustensis
1244 3164 1277 3224 et
1306 3159 1411 3225 clerus

256 3265 359 3329 multa
380 3265 414 3328 in
445 3267 535 3347 parte
563 3263 624 3328 hac
645 3263 782 3346 habent,
816 3271 848 3330 et
880 3266 1006 3351 insigne
1036 3265 1265 3330 monasterium
1295 3263 1412 3331 Otten-

258 3369 383 3434 bureu⁶
406 3369 526 3433 ordinis
549 3369 650 3433 sancti
675 3369 839 3435 Benedicti
861 3371 936 3435 huic
958 3370 1096 3436 cohaeret
1119 3370 1261 3455 reffl'oni,
1285 3370 1411 3454 dequo

258 3475 344 3540 infra
366 3473 455 3539 venit
469 3474 645 3538 dicendum.
692 3473 843 3559 Gyrando
859 3479 1087 3558 consequenter
1101 3475 1134 3539 in
1156 3474 1306 3540 orientali
1320 3479 1414 3560 parte

259 3601 382 3645 coronae
393 3579 433 3642 ad
445 3577 589 3642 dextram
600 3579 751 3643 vertendo
763 3580 888 3644 uultum
900 3584 1012 3644 contra
1023 3577 1153 3645 Ulmam
1168 3585 1202 3644 et
1216 3580 1413 3646 transeundo

260 3685 347 3748 ultra
367 3683 554 3748 Danubium
576 3684 714 3749 occurrit
730 3685 764 3748 in
780 3685 846 3750 acie
861 3686 1104 3772 septentrionali
1119 3687 1285 3773 egregium
1300 3709 1414 3753 mona-

828 3811 846 3850 u

333 3910 347 3962 1
367 3906 483 3964 Stefflen
505 3910 577 3966 Mon.
599 3911 621 3967 l.
642 3907 703 3964 Sob.
722 3909 809 3966 Wibl.
829 3909 909 3966 Gold.
928 3913 969 3964 ut.
1006 3909 1119 3964 Stefflin
1138 3909 1182 3964 Kl.
1261 3912 1278 3964 2
1297 3911 1414 3981 Rogga-

262 3997 336 4067 burg
347 3997 421 4052 Mon.
438 4001 457 4052 l.
477 3997 556 4053 Gold.
570 4001 619 4062 ut,
639 4000 739 4054 dstlich
754 4017 808 4056 von
821 3998 1019 4056 Weilleuborn.
1057 4001 1073 4053 3
1086 3998 1227 4068 Urspring
1240 3997 1292 4052 bat
1311 3998 1415 4052 ibisch-

263 4084 319 4139 lieh
336 4083 421 4139 Wibl.
460 4085 581 4155 Ursberg
599 4086 751 4140 stiddstliob
770 4105 825 4144 von
851 4087 1056 4158 Roggenburg,
1085 4103 1122 4141 an
1148 4085 1197 4141 der
1225 4084 1341 4140 lliudel.
1397 4089 1415 4140 4

262 4171 448 4229 Wettabusen
462 4171 535 4228 Mon.
555 4175 577 4229 1.
597 4173 678 4231 (told.
692 4177 731 4230 ut.
769 4173 997 4230 Wetbenbausen
1016 4175 1076 4229 Sch.
1096 4173 1142 4228 Kl.
1176 4171 1412 4236 Wattenbausen,

264 4279 300 4315 an
316 4261 364 4315 der
377 4259 522 4328 Kamlacb,
542 4256 719 4317 sudweetlich
738 4279 794 4318 von
808 4263 930 4331 Bergan.
983 4261 1199 4326 5Edelstetten‚
1219 4259 1414 4322 frauleinstist,

264 4367 311 4404 am
329 4349 495 4404 Haeelbach.
578 4349 788 4420 60ttobeyren
806 4349 893 4406 Wibl.
929 4348 1087 4406 Ottobr'rren
1105 4349 1197 4405 Scbm.
1233 4347 1412 4403 Otteuburen

265 4439 339 4492 Mon.
359 4439 382 4492 1.
402 4437 483 4493 Gold.
500 4439 550 4502 ut,
568 4437 719 4493 sudostlicb
741 4455 794 4494 von
813 4438 1002 4509 Memmingen
1021 4457 1057 4494 an
1075 4437 1125 4494 der
1143 4437 1306 4493 westlicbeu
1325 4436 1413 4492 ems.
