3034 4922
655 327 717 395 235

292 501 336 567 Et
357 500 406 566 illi
428 502 483 587 qui
501 497 716 587 'possessiones
738 503 943 569 vendiderant
964 527 1083 585 eorum,

293 606 336 672 Et
358 607 495 692 pretinm
518 612 688 692 posuerant
710 609 749 672 ad
773 610 989 693 apostolorum

293 711 401 790 Pedes,
423 716 460 778 ut
481 713 690 777 communiter
713 713 818 778 vivere
841 714 949 779 liceret

293 801 416 884 Sanctis
439 837 511 882 cum
534 817 696 902 apostolis,
719 839 776 883 nec
799 817 914 904 aliquis
928 820 1066 908 ⁸auderet
1185 867 1191 878 .

98 973 100 976 -
216 943 267 982 ⁸⁹⁸⁰
292 923 419 990 Habere
441 925 611 1009 quicquam
633 925 763 1009 proprii,
787 926 841 990 sed
863 927 1009 1010 cuiquam
1031 925 1176 1006 debatur,

294 1031 394 1099 Prout
415 1053 483 1098 esse
504 1031 634 1098 cuilibet
656 1053 780 1099 necesse
802 1031 977 1098 videbatur.

144 1327 247 1415 Quod
283 1333 370 1426 post
403 1330 664 1426 dispersionem
704 1331 956 1424 apostolorum
995 1333 1097 1404 solus
1123 1329 1285 1404 Jacobus

305 1452 425 1528 frater
451 1453 591 1526 domini
620 1453 801 1526 remansit
827 1454 866 1526 in
893 1453 1115 1528 Jerusalem.

299 1659 351 1726 Illi
373 1667 450 1726 tunc
470 1661 647 1730 Jerusalem
669 1662 703 1726 in
725 1683 843 1748 magna
865 1665 1051 1746 pau'pertate

298 1765 484 1832 Manserunt
506 1771 539 1832 et
560 1767 692 1852 penuria
713 1789 784 1832 oum
807 1789 913 1832 renim
934 1771 1094 1852 egestate;

299 1870 383 1936 Nam
405 1876 478 1957 post
500 1875 635 1936 mortem
657 1870 811 1955 Stephani
832 1872 971 1936 maxima
993 1870 1090 1936 fiebat

226 1994 276 2032 σιω
300 1975 337 2042 In
360 1981 484 2042 sanctos
508 1977 692 2061 persecutio,
716 1997 777 2060 que
800 1976 916 2040 multos
938 1975 1146 2060 compellebat

300 2079 422 2146 Fideles
445 2105 464 2146 a
485 2079 662 2146 Jerusalem
685 2081 859 2156 discederc;
881 2081 1016 2164 dispersi

301 2185 444 2252 Fuerunt
464 2209 521 2272 per
543 2187 710 2258 circuitum
732 2191 809 2252 tunc
832 2186 918 2253 orbis
941 2186 1078 2252 universi

302 2291 447 2377 Apostoli
469 2315 524 2376 per
546 2296 649 2357 totum
671 2292 841 2371 muudum,
865 2291 949 2376 quod
971 2292 1064 2357 fidem
1087 2291 1284 2376 predicarent

302 2397 344 2462 Et
366 2397 526 2462 credentes
547 2397 581 2462 in
603 2396 714 2462 Jesum
736 2395 898 2462 Christum
921 2397 1128 2482 baptizarent.

230 2520 278 2557 σιω
304 2499 363 2567 Sed
386 2500 524 2568 Jacohus
547 2501 719 2586 apostolus,
743 2501 827 2566 filius
852 2501 977 2586 Alphei,

304 2605 363 2682 Qui
384 2607 484 2673 t'rater
506 2607 608 2672 dictus
629 2605 735 2672 iuerat
757 2604 835 2672 Jcau
856 2607 915 2670 filii
937 2607 996 2685 dei,

304 2710 468 2783 Remansit
488 2712 521 2776 in
544 2710 721 2778 Jerusalem
743 2716 775 2776 et
796 2733 953 2796 nusquam
975 2715 1025 2792 est
1046 2711 1213 2796 profectus.

304 2815 388 2882 Nam
409 2817 470 2882 sibi
492 2817 621 2902 quidam
642 2817 746 2882 inerat
768 2817 907 2900 corporis
930 2817 1086 2896 del'ectus3
1116 2869 1120 2878 .

306 2921 442 2988 Claudus
465 2923 549 2988 enim
571 2921 686 3002 fuerat,
709 2943 799 2987 crure
822 2944 879 2988 suo
902 2921 1024 3000 fracto;

232 3043 280 3080 ⁶⁹⁹⁶
305 3025 374 3092 Hoc
396 3027 424 3092 ei
448 3029 626 3114 contigerat
647 3049 685 3094 ex
707 3029 876 3112 impiorum
898 3027 985 3092 fecto

307 3129 489 3210 Judaeum,
513 3131 568 3216 qui
590 3153 646 3216 per
667 3133 785 3216 gradus
807 3131 918 3215 templi
940 3129 1118 3196 deiecerunt

308 3235 412 3316 lllum,
434 3237 537 3302 multo
560 3235 688 3302 verbere
709 3257 780 3301 orus
802 3236 868 3300 eius
890 3235 1122 3320 confregerunt.

307 3339 411 3424 Igitur
433 3339 610 3406 Jerusalem
631 3341 665 3404 in
688 3340 870 3424 episcopatu

308 3444 427 3510 Mansit
449 3450 481 3510 et
501 3446 535 3510 in
557 3445 691 3530 virginis
714 3445 815 3510 Maris
837 3444 1011 3520 famulatu3

235 3567 283 3609 ²⁰⁰⁰
309 3551 356 3616 Ac
376 3551 422 3616 ibi
445 3572 547 3616 secum
570 3549 700 3635 plurimi
721 3547 828 3614 fideles
851 3551 1100 3633 permanserunt,

309 3657 413 3742 Atque
428 3677 525 3721 suam
547 3677 603 3739 per
625 3653 800 3719 doctrinam
822 3655 855 3718 in
877 3653 939 3717 fide
961 3653 1180 3718 substiterunt.

312 3761 421 3848 Ibique
443 3761 572 3846 quidam
594 3763 835 3844 permanserunt
857 3759 897 3824 oh
921 3757 1122 3824 dilectatione

309 3867 409 3933 Maris
431 3867 543 3932 matris
566 3869 597 3930 et
619 3865 660 3930 ob
682 3865 748 3930 eius
771 3863 995 3940 consolatione,

309 3971 357 4039 Ut
377 3995 415 4038 ex
437 3971 503 4036 suis
526 3971 720 4036 documentis
743 3968 777 4033 hi
801 3967 1065 4047 confortarentur,

237 4095 285 4135 τωο
311 4077 353 4142 ut
375 4075 519 4142 dulcibus
541 4074 706 4158 colloquiis
729 4073 795 4138 eius
817 4071 1008 4151 fruerentur,

312 4181 470 4266 Suamque
493 4179 683 4264 presentiam
706 4183 741 4242 ut
764 4178 881 4263 iugiter
905 4177 1066 4254 haberent,

312 4286 355 4351 Et
376 4285 499 4352 dulcem
522 4307 610 4350 suam
634 4283 747 4349 faciem
769 4283 949 4368 frequenter
971 4285 1007 4346 ut
1029 4279 1179 4344 viderent.

312 4389 357 4457 Hi
379 4389 455 4458 Jean
479 4394 552 4477 post
573 4389 786 4456 emersionem
808 4386 984 4454 Jerusalem
1006 4385 1200 4464 manserunt,
