3080 4938
788 353 828 420 12

230 535 350 600 bantur
382 537 489 598 autem
522 535 634 619 gentes
663 529 730 596 illa
762 525 950 614 Ulmerigi¹
980 531 1018 592 ut
1046 526 1146 592 babet
1176 525 1315 592 Michael
1345 525 1385 592 de

231 639 413 725 insignibus
434 637 521 703 orbis
535 636 559 702 ¹.
605 635 704 703 Gothi
726 655 805 721 ergo
827 635 868 701 ab
890 633 996 699 insuda
1017 632 1194 698 &andacia
1223 633 1258 697 in
1280 631 1385 698 conti·

232 749 361 810 nentem
382 745 605 810 descendentes
621 740 804 828 Ulmerigos
818 738 832 779 ⁸
855 762 873 805 e
894 744 982 804 terra
1000 761 1057 803 sua
1071 737 1258 822 repulerunt
1272 759 1384 803 couse-

233 851 341 916 dentes
357 849 390 914 in
416 871 526 915 eorum
540 848 619 914 loca.
665 846 852 932 Ulmerigi‘
876 867 951 912 varo
967 843 1046 910 alias
1061 844 1123 910 sibi
1138 843 1225 909 sedes
1241 865 1384 927 quarere

232 955 334 1021 coacti
355 954 390 1020 in
412 955 553 1020 diversas
576 953 709 1038 dispersi
732 956 808 1018 sunt
829 953 993 1038 regiones,
1028 972 1163 1036 quorum
1197 949 1298 1034 aliqui
1326 972 1384 1034 per

236 1059 379 1126 Danubii
400 1061 486 1144 ripas
509 1059 712 1125 ascendentes
734 1060 769 1123 in
791 1058 871 1136 loeo,
894 1056 950 1121 ubi
964 1055 1082 1120 dumus
1100 1053 1294 1141 navigabilis
1316 1075 1385 1120 esse

232 1166 362 1251 incipit,
392 1165 617 1244 consederunt,
648 1167 681 1228 et
702 1163 812 1228 uillam
834 1161 1063 1227 constituentes
1085 1160 1188 1244 ipsam
1209 1158 1342 1226 Ulmum
1365 1183 1385 1225 a

233 1293 291 1336 suo
314 1270 443 1336 nomine
473 1273 748 1354 nuncupaverunt.
794 1267 977 1351 Aliquando
1008 1266 1116 1332 inveni
1147 1287 1261 1332 nomeu
1296 1266 1385 1332 illius

233 1374 339 1458 gentis
360 1375 514 1459 scriptum
537 1395 594 1458 per
621 1373 847 1458 aspirationem
869 1373 893 1437 b
914 1371 1097 1457 Hulmerigi
1117 1371 1142 1452 ⁶,
1164 1372 1264 1437 etsie
1286 1373 1382 1438 etiam

235 1481 269 1544 iu
292 1479 522 1564 antiquissimis
537 1478 655 1544 litteris
669 1479 831 1544 invenitur
845 1476 944 1545 Ulma
966 1499 1023 1563 per
1044 1477 1236 1563 hscriptum
1253 1477 1382 1543 Hulma.

235 1583 280 1649 lit
302 1583 386 1648 circe
406 1582 467 1648 hoc
489 1583 600 1648 incidit
623 1582 704 1648 mihi
726 1583 885 1669 quoddam
907 1581 1061 1662 divinum,
1084 1583 1169 1667 quod
1191 1581 1276 1648 forte
1299 1583 1382 1648 Hul-

233 1687 377 1774 merigi⁸
400 1688 477 1754 dicti
500 1692 576 1754 sunt
598 1709 618 1753 a
639 1685 722 1768 Hul,
744 1688 960 1754 vetustissimo
983 1686 1050 1752 filio
1072 1687 1208 1772 septimo
1228 1686 1302 1754 Sem
1324 1688 1384 1754 filii

234 1793 314 1874 Noe,
339 1797 376 1859 ut
390 1792 526 1859 habetur
540 1793 644 1878 prima
659 1794 846 1878 paralipom.
864 1791 924 1873 1²,
947 1793 1116 1877 procreati,
1140 1797 1173 1859 et
1195 1793 1384 1860 airatribus

104 1895 107 1904 ’
235 1900 274 1964 de
296 1899 417 1964 oriente
439 1897 549 1978 dirisi,
583 1897 831 1982 septentrionem
863 1898 1073 1964 obtinuerunt
1103 1899 1137 1963 in
1168 1903 1259 1984 parte
1288 1900 1384 1964 maris

239 2004 376 2087 Balthei‚
399 2003 483 2090 quod
506 1991 593 2069 mare
616 2001 821 2069 Prutenicum
844 2008 969 2084 vocant,
992 2007 1025 2069 et
1046 2005 1087 2069 ab
1109 2025 1146 2070 eo
1162 2005 1270 2070 diffusi
1285 2029 1385 2092 usque

235 2109 299 2175 huc
320 2108 448 2176 Ulmum
473 2108 524 2174 vel
538 2107 692 2173 Hulmam
708 2112 884 2173 erexerunt.
932 2107 1054 2174 Scimus
1077 2115 1184 2176 autem
1199 2109 1272 2176 Sem
1287 2110 1386 2178 fuisse

235 2213 469 2281 nobilissimum
490 2213 562 2280 Noe
583 2213 686 2279 filium
713 2235 732 2278 a
762 2235 825 2298 quo
847 2211 1030 2301 ingenuitas
1060 2215 1176 2280 diffusa
1198 2217 1307 2282 orbem
1330 2215 1385 2282 de·

237 2325 327 2386 corat
341 2320 535 2399 universum,
549 2319 600 2385 cui
614 2319 734 2385 dictum
750 2323 799 2384 est
813 2339 917 2404 geues.
942 2319 963 2384 9
976 2319 1009 2385 ⁸:
1033 2319 1222 2386 Benedictus
1239 2321 1385 2388 dominus

239 2428 315 2493 deus
337 2425 427 2506 Sem,
456 2425 500 2492 sit
525 2423 677 2491 Obanaan
706 2446 815 2491 servus
847 2425 933 2503 eius,
965 2425 1078 2491 dilatet
1105 2427 1181 2492 deus
1203 2425 1325 2511 Japhet
1354 2433 1386 2494 et

238 2531 364 2598 habitet
382 2531 416 2596 in
439 2530 651 2596 tabemaculis
674 2529 763 2612 Sem,
786 2531 829 2596 sit
851 2551 977 2616 quoque
999 2553 1109 2598 servus
1131 2533 1198 2617 ejus
1221 2530 1384 2598 Obanaan.

241 2637 447 2702 tabernacula
469 2635 542 2703 Sem
565 2640 641 2701 suut
669 2635 831 2717 civitates,
862 2638 897 2700 in
930 2634 1046 2721 quibus
1075 2635 1135 2700 filii
1165 2635 1286 2722 Jephet
1315 2639 1336 2704 i.
1359 2661 1385 2703 e

239 2742 324 2807 cives
346 2739 510 2822 habitant,
540 2741 656 2827 quibus
679 2739 831 2806 Chanaan
863 2741 884 2806 i.
913 2763 939 2808 e.
972 2740 1085 2806 rustici
1106 2742 1188 2806 servi
1211 2747 1297 2809 suut.
1319 2743 1387 2810 baec

241 2847 281 2913 ad
305 2847 432 2912 oculum
454 2849 499 2913 sic
521 2848 591 2914 fieri
612 2848 780 2914 cernimus.
826 2847 876 2913 Ex
908 2847 968 2912 boe
990 2851 1098 2912 autem
1121 2867 1185 2912 nou
1207 2869 1307 2932 parva
1330 2871 1387 2914 no-

237 2952 346 3018 bilitas
361 2951 500 3018 civitatis
517 2951 622 3020 Ulmae
637 2957 670 3020 et
684 2953 802 3020 civium
818 2953 972 3039 suspicari
986 2956 1101 3038 potest,
1125 2952 1179 3019 sed
1194 2957 1228 3020 et
1242 2952 1386 3040 longara

802 3117 820 3156 *

310 3197 496 3268 lVlmregeri
524 3197 623 3254 Scbad.
648 3197 691 3252 Kl.
743 3197 881 3268 Uimigeri
910 3197 994 3256 Wibl.
1023 3195 1091 3253 (tor.
1119 3195 1192 3254 Bess.
1243 3197 1386 3268 Vlmegeri

237 3285 303 3342 Mon
321 3286 347 3340 2.
384 3285 431 3342 lih.
451 3285 572 3342 Schmid.
609 3284 729 3358 [a'l'aciti
739 3283 887 3342 Bructeros
899 3283 1059 3355 Ulmigeros
1071 3301 1181 3354 quoque
1194 3283 1285 3340 dictos
1297 3285 1388 3340 tradit

238 3373 435 3430 clareamus·
457 3371 492 3430 So
515 3374 580 3428 dbr.
598 3372 698 3428 Ortelii
726 3373 874 3442 synonima
898 3371 1097 3443 geographica.
1141 3373 1285 3443 Antwerp.
1313 3375 1387 3430 lere

237 3478 258 3516 a.
282 3461 324 3515 10.
366 3460 522 3516 Glareanus
546 3459 586 3515 im
611 3459 855 3516 commentariolus
878 3461 909 3516 iu
935 3459 963 3516 P.
991 3459 1067 3518 Gom.
1091 3459 1183 3516 Taciti
1207 3459 1388 3518 Germaniam

239 3549 318 3617 aagt:
336 3547 417 3602 iuxta
435 3549 582 3610 Tencteros
600 3547 736 3614 Bructeri,
754 3548 837 3605 hodie
851 3549 965 3604 Pruteui
978 3551 1007 3604 et
1020 3549 1111 3604 Prussi
1124 3553 1276 3606 vocantur:
1295 3551 1389 3607 forsan

239 3651 257 3688 a
275 3634 416 3690 Tencteris
433 3633 509 3705 pulsi
526 3636 556 3690 in
569 3635 741 3691 Sarmatiam
753 3653 918 3692 concessere.
954 3635 1098 3692 Sidonius:
1117 3635 1267 3694 Bructerus
1279 3638 1389 3694 ulmeae

238 3739 321 3791 quem
349 3722 460 3779 volucer
487 3723 580 3780 abluit
606 3723 691 3780 unda.
737 3723 875 3794 Ulmigeri
900 3740 1009 3794 quoque
1033 3723 1102 3779 dicti
1126 3727 1200 3780 sunt.
1242 3725 1389 3796 (Schardii,

237 3808 357 3878 Simon.)
376 3809 538 3866 historicum
556 3829 633 3882 opus.
670 3811 787 3868 Basileae
810 3811 895 3883 1574]
940 3813 957 3867 2
976 3811 1096 3868 Michael
1115 3812 1150 3868 de
1167 3812 1327 3882 insignibus
1345 3831 1390 3870 or·

237 3897 280 3950 bis
303 3897 350 3952 ein
373 3899 571 3956 sohrittsteBer
592 3901 647 3957 dau
671 3902 716 3957 ich
739 3901 873 3970 nirgsnda
898 3901 992 3956 finden
1015 3899 1131 3957 bonate.
1223 3902 1240 3956 8
1264 3901 1388 3958 Incouti·

237 3985 336 4040 neuter
346 3984 543 4043 descendentes
554 3986 653 4044 Schad.
672 3987 723 4042 Eb.
753 3988 919 4058 Vlmserigos
929 3987 1029 4044 Schad.
1047 3988 1093 4044 Kl.
1108 3987 1264 4058 Vlmsrigoe
1278 3988 1353 4046 bion.
1362 3991 1388 4044 2.

239 4071 427 4143 Vlmerigeros
451 4074 501 4128 uu.
522 4075 608 4129 Wibl.
652 4075 849 4147 Vlmerigaeros
871 4075 991 4133 Schmid.
1036 4075 1195 4148 Vimigeros
1220 4075 1288 4133 Golr.
1313 4075 1388 4133 Besa.

237 4157 410 4230 4Vlmigeri
430 4159 528 4216 Schad.
557 4162 602 4218 Ki.
622 4163 670 4218 uh.
684 4163 803 4220 Schmid.
824 4163 909 4219 Wibl.
928 4165 997 4221 Geir.
1016 4164 1090 4220 Besa.
1120 4163 1263 4234 Vlmegeri
1275 4165 1349 4221 Mon.
1363 4166 1389 4220 2.

237 4247 431 4318 5Bulmigeri
448 4247 547 4304 Schad.
566 4249 611 4304 Kl.
636 4248 729 4306 Bcbm.
755 4251 804 4304 Bb.
832 4251 917 4307 Wibl.
946 4253 1016 4309 Gok.
1034 4251 1108 4308 Besa.
1196 4251 1389 4323 BHulmigeri

236 4333 335 4390 Schad.
354 4333 399 4390 Kl.
418 4335 469 4389 Eh.
488 4333 580 4390 Schm.
600 4337 687 4392 Wibl.
706 4337 774 4394 Gok„
793 4337 866 4393 Besa.
904 4339 1079 4396 ithron.
1101 4341 1185 4406 1,17.
1227 4338 1389 4396 coenae

237 4426 274 4492 (v.
292 4423 338 4495 26)
356 4423 431 4480 Bess.
460 4425 624 4498 [eigentlioh
642 4425 712 4485 Gen.
730 4428 747 4483 9
767 4445 793 4484 v.
812 4429 854 4485 26.
873 4429 926 4500 21]
