3034 4922
658 379 718 450 191

269 553 313 620 Et
333 579 383 622 mo
404 557 580 642 majestatis
602 563 657 624 tue
679 582 792 644 sapore
816 561 973 641 recreasti,

189 679 242 719 ⁶²⁰⁶
268 661 398 728 Occulta
420 664 547 728 deitatis
570 669 624 730 tue
646 665 726 730 mihi
748 665 905 746 revelasti,

267 765 327 833 Sed
349 772 385 832 tu
407 767 488 833 mihi
510 769 603 854 signa
625 791 696 836 vore
718 771 783 836 iam
805 772 1016 837 dilectationis

267 872 442 939 Ostendisti
463 873 523 939 sub
545 875 605 940 hac
628 875 706 940 hora
729 881 783 942 tue
804 877 968 961 passionis.

267 977 352 1044 Nam
375 982 464 1042 tuam
486 979 699 1044 dulcissimam
721 985 856 1046 matrem
879 987 975 1066 atque
997 983 1083 1066 piam

267 1082 443 1170 Virginem,
468 1107 504 1150 ac
527 1085 687 1150 dominam
709 1107 812 1151 meam
834 1086 917 1151 benc
939 1085 1085 1166 Mariam,

193 1207 245 1245 ⁵²1⁰
271 1187 340 1263 Meo
361 1193 399 1254 tn
421 1190 562 1255 custodie
583 1191 890 1274 pateroommisiati,

270 1294 385 1380 Meque
406 1317 465 1379 pro
488 1299 520 1360 te
542 1297 736 1380 provisorem
758 1297 818 1361 sibi
841 1297 992 1362 statuisti.

268 1398 316 1466 Ve
336 1399 427 1478 mihi,
452 1423 489 1464 ve
511 1401 689 1484 depositum
711 1401 772 1466 hoc
793 1401 950 1486 quomodo
973 1403 1115 1480 servabo,

268 1503 338 1570 Hoc
360 1504 410 1570 dei
432 1504 605 1568 sacrarium
628 1505 785 1588 quomodo
807 1506 942 1570 curabo!

270 1609 413 1686 Qualiter
435 1609 669 1674 sanctissimum
692 1608 753 1674 hoc
774 1610 928 1693 templum
950 1609 1009 1674 filii
1031 1611 1092 1688 dei,

195 1733 246 1770 ⁶2¹⁶
271 1713 471 1799 Matremque
492 1715 706 1778 dulcissimam
728 1715 895 1780 salvatoris
917 1716 980 1780 mei

271 1819 452 1886 Reverebor
473 1820 589 1898 debite,
611 1820 784 1904 mundique
805 1819 1014 1900 salvatricem,

267 1926 311 1992 nt
333 1927 440 1992 dilecti
462 1925 582 1990 domini
603 1925 667 1990 mei
688 1925 897 2010 genitricem?

271 2031 497 2117 Quomodoque
518 2032 653 2096 serviam
676 2032 784 2117 regine
807 2031 1004 2116 angelorum,

271 2137 315 2202 nt
335 2137 512 2202 seculorum
535 2137 676 2201 omnium
698 2157 735 2200 ac
758 2136 884 2200 domine
906 2135 1070 2201 celorum?

197 2261 247 2298 ⁶22⁰
272 2239 299 2306 Ο
322 2241 449 2306 domine
471 2241 637 2307 mitissime
658 2242 703 2306 mi
726 2241 825 2306 duleis
848 2243 880 2305 et
902 2241 1013 2322 fidelis,

271 2345 298 2411 Ο
321 2345 397 2412 Jesu
420 2347 670 2426 clementissime,
695 2347 850 2431 paternii
873 2347 912 2411 de
933 2347 1017 2425 celis,

272 2449 299 2516 0
323 2453 450 2518 unicum
473 2453 622 2518 solatium
645 2455 677 2516 et
700 2473 770 2536 spes
793 2451 1040 2535 desperatorum,

272 2554 298 2622 Ο
321 2559 487 2623 miserator
509 2558 651 2623 omniurn
673 2561 706 2622 et
727 2556 813 2620 salus
834 2557 1040 2620 miserorum!

271 2661 323 2727 Me
344 2667 495 2747 triamque
519 2662 642 2727 tristem
666 2666 800 2726 matrem
823 2662 886 2726 cito
910 2661 1072 2726 consolare

197 2783 246 2822 eru
272 2765 332 2832 Per
353 2771 442 2832 tuam
466 2767 726 2832 resurrectionem
748 2789 843 2852 quam
868 2788 924 2831 nos
947 2771 1112 2850 expectare

273 2869 350 2936 Post
372 2877 436 2936 tres
459 2873 524 2937 dies
546 2893 618 2936 cum
640 2871 743 2936 adhuc
765 2871 885 2936 viveres
907 2871 1038 2949 iussisti,

272 2973 362 3052 Quod
384 2997 511 3042 rursum
534 2977 678 3042 visitares
701 2997 759 3040 nos
781 2976 872 3041 vivus
893 2975 1098 3060 promisisti<

250 3293 430 3368 Planctus
456 3293 559 3370 Petri
587 3298 707 3390 apost.
737 3298 777 3369 et
802 3293 1012 3390 penitentia
1038 3295 1129 3367 eius,

273 3501 381 3568 Simon
405 3502 518 3569 Petrus
541 3503 668 3589 presens
691 3506 815 3570 eratin
837 3503 1100 3588 Jesupassione3

273 3607 358 3673 Nam
380 3614 509 3692 propter
530 3610 624 3694 signa
645 3633 706 3695 que
728 3609 848 3674 fiebant
870 3609 903 3674 in
926 3609 1146 3674 obscuratione

200 3729 249 3767 ⁵⁷³⁰
274 3711 366 3792 Solis,
389 3713 473 3792 lune,
496 3719 684 3780 terremotus
707 3715 800 3780 multi
823 3717 1058 3780 concurrerunt.

274 3817 386 3884 Petrus
409 3820 496 3884 venit
519 3825 644 3884 etcum
668 3843 704 3886 eo
726 3820 841 3905 reliqui
866 3821 1020 3885 venerunt

276 3922 439 4007 Discipuli,
463 3925 518 4008 qui
541 3946 640 4009 usque
662 3929 738 3990 tuno
761 3925 938 3990 absconditi
959 3923 1113 4003 latebant,

275 4025 335 4092 Pre
357 4027 471 4092 timore
494 4026 669 4094 Judeorum
691 4029 818 4114 prodire
840 4049 903 4093 non
927 4010 1096 4093 audebant.

275 4128 335 4196 Sed
357 4153 429 4196 cum
451 4133 508 4198 illa
529 4134 599 4198 fieri
620 4136 713 4220 signa
735 4137 939 4217 respexerunt

200 4251 250 4290 ua
276 4233 454 4302 Gonfortati
476 4239 641 4322 paululum
663 4239 768 4304 cuncti
788 4241 1011 4304 convenerunt.

276 4337 411 4406 Mortem
433 4343 482 4406 sui
505 4343 623 4408 domini
646 4365 717 4408 cum
740 4343 861 4426 gemitu
883 4342 1024 4408 videntes

277 4439 376 4532 Super
397 4445 503 4532 ipsum
524 4448 643 4536 singuli
666 4448 828 4534 planetum
849 4448 1010 4518 facientes.
