3034 4922
797 340 861 404 250

398 517 492 584 Jesus
515 515 565 582 dei
587 515 682 598 filius,
705 519 828 582 creator
851 513 1037 596 seculorum,

325 674 328 682 .
400 625 563 690 Reducens
586 624 698 690 matris
721 625 859 690 animam
882 623 1006 708 corpori
1029 619 1202 702 coniunxit,

401 729 665 816 Archangeloque
690 729 838 794 Michaeli
861 728 1035 814 precipiens
1056 726 1206 806 iniunxit,

399 835 443 902 Ut
465 857 555 899 suam
576 838 710 898 matrem
732 835 870 898 sumeret
891 836 923 897 et
946 853 1015 897 eam
1037 835 1269 917 transportaret

321 960 372 996 ⁷⁴³⁵
399 939 437 1005 In
460 941 562 1004 celum
585 944 616 1004 et
637 939 671 1004 in
693 939 830 1025 gloriam
853 960 942 1003 suam
964 937 1142 1003 collocaret.

398 1045 503 1131 Igitur
525 1044 745 1130 Archangelns
768 1044 906 1110 Michael
928 1043 1052 1110 felicem

399 1149 534 1214 Mariam
556 1171 684 1214 sumens
707 1149 872 1236 virginem,
897 1149 946 1214 dei
968 1147 1165 1234 genitricem,

400 1253 480 1320 Cum
503 1255 689 1340 angelorum
711 1256 857 1320 cantibus
881 1259 912 1320 et
933 1253 1122 1319 iubilatione

398 1359 576 1444 laudisque
599 1361 751 1444 tripudio,
774 1383 846 1426 cunr
869 1360 1072 1438 exultatione,

318 1484 370 1520 uso
397 1463 499 1548 Super
524 1465 637 1530 choros
660 1467 847 1552 angelorum
869 1467 903 1530 in
925 1466 1008 1531 celos
1032 1461 1264 1548 transportavit

396 1570 441 1634 111
463 1593 532 1636 eam
555 1593 613 1636 suo
634 1571 701 1637 filio
723 1571 800 1638 :lesu
823 1570 1026 1657 presentavit

243 1869 347 1954 Quod
377 1876 583 1970 assumptio
619 1875 781 1969 corporis
809 1871 926 1946 Mario
960 1870 1128 1943 revelata
1162 1868 1220 1938 est
1247 1863 1391 1935 Thome
1504 1963 1506 2060 A

723 1997 904 2092 apostolo.

398 2203 436 2270 In
458 2205 539 2270 hora
562 2205 688 2290 quando
711 2227 834 2270 sacrum
857 2223 970 2287 corpus
994 2204 1191 2284 assumptum
1217 2199 1266 2263 est
1286 2194 1389 2260 Maria

395 2309 441 2374 Et
462 2313 676 2374 transvectum
699 2331 793 2393 super
816 2307 927 2373 choros
949 2305 1071 2372 celestis
1093 2303 1280 2384 hierarchis,

396 2415 475 2480 Cum
498 2417 714 2500 apostolorum
736 2419 823 2480 cetus
846 2415 949 2480 adhuc
971 2409 1203 2490 demorabatur,

210 2591 213 2598 Ι
318 2539 369 2576 1411
397 2521 447 2586 Ad
471 2519 637 2586 11111111111111Ι
654 2543 691 2586 ex
714 2521 790 2606 ipsis
813 2541 906 2599 unns,
929 2519 1068 2584 Thomas
1091 2517 1146 2603 qui
1168 2518 1309 2592 vocatur,

395 2624 448 2690 Ab
471 2625 541 2691 aliis
564 2626 715 2710 apostolis
737 2627 895 2692 modicum
918 2626 1046 2691 recessit

395 2731 440 2796 Et
461 2732 494 2796 in
518 2731 619 2797 locum
644 2733 743 2797 alium
765 2755 829 2798 non
853 2732 967 2819 alonge
989 2729 1125 2809 secessit,

341 2861 342 2864 ¹
397 2837 441 2901 Et
463 2837 630 2902 transferri
652 2838 733 2902 vidit
754 2839 801 2902 ibi
823 2838 957 2922 virginis
979 2837 1081 2902 Marie

396 2942 447 3006 Ad
469 2944 569 3008 celum
593 2965 716 3028 corpus,
739 2967 810 3008 cum
832 2948 984 3008 concentu
1007 2941 1129 3008 celestis
1150 2940 1326 3019 harmonia,

316 3065 367 3101 ⁷⁴⁶⁰
394 3047 438 3112 111
460 3049 582 3112 audivit
604 3050 732 3134 angelos
755 3049 908 3134 plurimos
931 3049 1111 3133 psallentes,

388 3151 432 3218 *In
454 3154 556 3218 celum
578 3176 692 3240 corpus
713 3156 845 3242 virginis
868 3155 969 3220 Marie
990 3154 1173 3219 deferentes.

395 3256 446 3322 Ad
469 3259 627 3325 orationes
649 3283 721 3325 suas
744 3283 818 3326 mox
840 3259 1083 3325 convertebatur

394 3361 501 3448 Atque
523 3362 633 3429 Jesum
654 3365 755 3430 filium
778 3364 879 3430 Marie
902 3365 1099 3450 precabatur,

394 3469 441 3535 Ut
463 3471 524 3535 sibi
546 3472 672 3558 signum
696 3472 824 3557 aliquod
846 3495 865 3536 a
887 3472 945 3536 deo
967 3471 1154 3548 traderetur,

315 3593 367 3630 1111
394 3574 454 3640 Per
477 3576 562 3660 quod
583 3576 630 3640 illi
654 3576 733 3640 visio
755 3575 829 3641 talis
851 3571 1039 3654 crederetur,

393 3679 437 3744 Et
460 3682 543 3765 quod
566 3680 671 3746 nullus
694 3681 854 3748 dubitaret
876 3683 980 3766 ipsum
1002 3679 1199 3764 conspexisse

392 3783 596 3850 Translatum
619 3808 731 3870 corpus
754 3787 888 3872 virginis
911 3787 950 3852 ad
973 3785 1083 3851 ethera
1105 3785 1210 3848 fuisse.

392 3889 482 3955 Tunc
504 3891 544 3956 ad
566 3914 637 3956 cunr
660 3893 771 3957 cecidit
793 3916 830 3958 ex
853 3891 990 3958 nubibus
1013 3892 1164 3970 velamen,

392 3995 482 4071 Quod
505 3995 606 4062 Marie
627 3999 766 4083 corporis
788 3999 895 4064 fuerat
916 3999 1065 4085 ligamen.

313 4121 364 4157 ⁷⁴⁶⁰
391 4101 476 4166 Nam
499 4108 546 4166 est
569 4105 607 4167 ad
630 4127 700 4168 eum
724 4105 856 4170 linteum
880 4105 1044 4170 desursum
1066 4103 1260 4182 devolutum,

392 4205 536 4291 Virginis
559 4231 621 4293 quo
644 4209 748 4275 fuerat
770 4233 882 4294 corpus
905 4210 1029 4274 involut
1086 4260 1092 4274 .

390 4309 528 4376 Thomas
550 4316 659 4380 statim
682 4317 917 4400 apprehendens
940 4339 1081 4400 pannum
1104 4317 1188 4382 huno
1211 4315 1350 4382 letanter

389 4414 440 4482 Ad
463 4418 600 4504 reliquos
623 4421 794 4507 discipulos
817 4423 956 4488 cucurrit
979 4423 1176 4489 festinanter.
