3080 4938
690 388 733 454 38

135 561 228 626 locus
249 561 408 645 spatiosus
430 560 463 625 in
487 560 617 626 civitate
639 564 671 626 et
693 561 829 645 populus
852 585 971 647 paucus
991 587 1048 649 pro
1064 567 1156 632 tanto
1172 567 1286 651 spatio,

133 671 343 732 veruntamen
370 666 527 750 quottidie
548 665 752 731 confluebant
775 669 897 734 nobiles
928 674 960 734 et
983 671 1110 750 divites,
1145 678 1177 737 et
1208 673 1287 738 civi·

134 776 235 838 tatem
251 771 471 836 meliorabant.
517 771 688 838 Translata
704 775 712 810 ¹
730 774 827 839 etiam
842 775 905 839 fuit
927 779 997 839 tota
1012 777 1089 840 villa
1104 775 1287 842 Schweick-

135 877 233 942 holeu
256 897 328 942 oum
351 875 499 942 omnibns
522 877 667 944 domibus
697 884 730 944 et
757 879 940 944 hominibus
961 880 994 944 in
1024 882 1207 961 civitatem,
1240 884 1286 948 ita

136 983 219 1066 quod
242 1003 305 1046 non
331 983 449 1046 mansit
472 983 579 1068 aliqua
601 985 713 1049 domus
737 988 827 1049 extra
849 1007 906 1050 neo
929 985 1034 1050 horno.
1080 985 1174 1052 Unde
1191 987 1286 1054 hodie

136 1087 240 1152 adhuc
261 1085 374 1152 multae
396 1089 620 1155 vetustissimae
643 1091 755 1156 domus
778 1096 854 1156 sunt
882 1092 916 1156 in
942 1090 1037 1156 Ulma
1069 1092 1107 1156 de
1128 1092 1184 1156 illa
1207 1094 1285 1158 villa

135 1197 168 1257 et
190 1192 358 1277 progenies
382 1193 527 1276 plurimae
550 1194 584 1258 in
608 1195 704 1280 vulgo
729 1197 896 1286 ⁸communi
926 1197 1127 1282 originaliter
1157 1197 1197 1262 ab
1229 1196 1286 1262 illa

135 1295 285 1381 profusae.
331 1294 391 1361 Sed
416 1301 448 1362 et
471 1297 556 1364 villa
579 1296 773 1364 Offenhueeu
805 1305 837 1365 et
859 1299 934 1365 Pful
966 1323 1038 1367 cum
1061 1302 1133 1366 aliis
1156 1302 1286 1382 villulis,

136 1401 285 1466 resolutis
314 1402 381 1465 suis
415 1401 634 1480 domunculis,
669 1425 721 1467 aas
752 1403 786 1467 in
821 1402 949 1470 Ulmam
983 1405 1143 1470 duxerunt
1174 1411 1207 1471 et
1239 1407 1285 1471 ibi

135 1511 313 1572 erexerunt.
359 1504 493 1590 Insuper
516 1507 641 1590 oppido,
664 1513 769 1573 castro
784 1513 816 1574 et
839 1509 978 1574 dominio
996 1509 1146 1576 Albeolr²
1167 1511 1201 1576 in
1227 1510 1286 1576 Ul·

142 1613 298 1678 menaium
321 1611 460 1676 subactis
485 1615 690 1696 potestatem,
726 1613 955 1680 hebdomadale
985 1614 1090 1680 iorum
1127 1617 1211 1700 qnod
1241 1616 1287 1682 ibi

137 1716 361 1782 celebrabatur
376 1715 553 1782 sabbatinis
570 1717 690 1796 diebus,
713 1716 844 1784 Ulmam
859 1721 1102 1800 transtulerunt,
1127 1722 1286 1787 solventes

53 1899 65 1930 ι
136 1822 268 1886 domum
290 1822 554 1907 negotiationum,
579 1821 856 1920 eamqueQUlmam
872 1825 1039 1904 duxerunt,
1063 1827 1176 1911 inqua
1193 1827 1287 1892 hodie

135 1949 256 1992 meroes
279 1931 476 2012 reponuntur
499 1933 532 1992 et
554 1929 723 2008 librantur,
748 1951 819 2014 quae
841 1930 953 1996 domus
976 1931 1153 2016 vulgariter
1169 1932 1285 1998 dicitur

137 2031 189 2097 die
212 2031 322 2112 Gredt
345 2025 415 2117 ouae
438 2033 529 2098 stetit
550 2034 584 2098 in
609 2033 741 2100 Albeck.
787 2032 901 2120 Sicque
923 2035 988 2102 fuit
1010 2035 1108 2102 Ulnia
1129 2059 1192 2102 non
1215 2057 1285 2102 mo-

138 2137 245 2204 dicum
269 2161 325 2223 per
346 2140 523 2224 ingressum
547 2141 702 2205 ruralium
726 2143 820 2206 aucta
844 2141 1026 2207 hominibus
1048 2146 1080 2207 et
1094 2142 1234 2208 adificiis
1250 2165 1286 2208 ac

137 2243 277 2324 divitiis,
300 2267 339 2310 ex
362 2267 425 2328 quo
447 2244 530 2310 forto
553 2248 600 2310 est
623 2245 746 2312 occasio
768 2249 896 2331 sumpta
925 2253 961 2311 ut
983 2245 1081 2312 Ulma
1104 2248 1287 2312 nominetur

138 2349 266 2434 imperii
289 2349 374 2416 villa.
421 2348 555 2434 Insuper
576 2350 624 2415 illi
649 2351 704 2436 qui
726 2351 761 2415 in
783 2351 945 2416 suburbiis
973 2352 1164 2418 habitabant
1187 2355 1285 2418 muris

137 2478 204 2522 non
226 2456 342 2521 inclusi
365 2455 475 2521 domus
498 2477 572 2521 suas
587 2456 621 2520 in
637 2457 799 2521 civitatem
814 2456 1058 2523 transferebant.
1105 2457 1149 2522 Et
1167 2457 1215 2522 ita
1229 2481 1286 2542 per

137 2671 189 2734 est
212 2671 319 2733 autem
343 2667 411 2732 eius
433 2665 636 2732 reaedificatio
658 2672 691 2732 at
713 2667 878 2752 ampliatio
894 2689 979 2733 anno
998 2668 1118 2734 domini
1137 2668 1221 2734 1140
1237 2669 1286 2734 vel

139 2773 236 2854 circa,
253 2778 284 2838 et
300 2773 474 2838 successive
489 2774 590 2838 crevit
605 2773 751 2839 multum.
791 2773 959 2858 Hospitalo
974 2775 1080 2852 etiam,
1100 2773 1183 2858 quod
1199 2774 1287 2857 prius

139 2879 234 2943 stetit
256 2882 330 2944 ante
352 2883 476 2962 portam
495 2865 776 2964 Gdgglingensem
801 2879 1035 2944 transtulerunt
1064 2879 1097 2943 in
1125 2878 1288 2944 civitatem

138 2984 180 3048 ad
203 3005 340 3064 murum,
363 2989 400 3048 ut
422 3005 520 3068 prope
543 2987 625 3048 esset
643 2983 737 3066 ‚juna
760 3005 886 3068 aquam,
909 2983 941 3047 in
959 3006 1053 3068 quam
1076 2984 1287 3049 immunditia

139 3089 319 3154 transmitti
342 3092 480 3174 possent.

232 3192 378 3260 ³Deinde
408 3217 492 3260 anno
515 3193 671 3260 Domini⁴
709 3194 792 3259 1220
823 3197 977 3260 venerunt
1009 3191 1138 3258 Ulmum
1173 3193 1287 3260 fratres

138 3302 281 3369 Minores
303 3301 341 3366 de
363 3301 552 3380 (laniandis,
575 3305 719 3386 petentes
733 3300 794 3366 sibi
810 3299 966 3384 assignari
982 3298 1087 3362 locum
1103 3320 1161 3380 pro
1176 3319 1287 3363 mona-

136 3407 238 3474 sterio
267 3407 493 3486 construendo,
526 3407 641 3491 quibua
673 3407 757 3472 cives
785 3406 961 3490 spatiosum
994 3403 1149 3470 dederunt
1182 3404 1285 3469 locum

133 3515 231 3600 juxta
252 3515 379 3598 portam
400 3512 539 3578 Leonum
564 3515 704 3597 antiqua
726 3510 879 3588 civitatis,
903 3514 935 3575 et
957 3509 1060 3593 ipsam
1076 3508 1191 3574 turrim
1215 3531 1286 3574 cnm

705 3654 723 3695 't

213 3771 404 3826 lTranslalae
423 3775 489 3825 sunt
514 3769 589 3826 villas
611 3771 642 3826 in
660 3771 775 3826 Ulmum
795 3772 866 3827 tlon.
893 3773 905 3825 1
931 3787 977 3824 am
1003 3769 1100 3824 rande.
1137 3767 1289 3824 Schwciclr·

138 3861 241 3918 holien.
281 3859 359 3914 Pluol
378 3859 433 3914 und
454 3857 648 3914 Offenhaullen
668 3857 765 3915 Schad.
786 3877 831 3914 am
851 3859 946 3916 rande.
1028 3859 1045 3912 2
1065 3857 1154 3926 Albog
1173 3857 1245 3913 llon.
1269 3862 1290 3912 1.

141 3947 251 4016 Albeglr
271 3945 370 4001 Sobad.
407 3947 532 4002 Albaclrh
551 3947 635 4003 Wibl.
708 3947 856 4004 3l'ratres
875 3947 996 4004 minores
1021 3946 1132 4000 Ulmum
1152 3949 1290 4000 venerunt

140 4037 214 4092 Mon.
235 4033 249 4087 1
269 4049 315 4087 am
334 4033 428 4088 rande.
518 4035 622 4091 41209
642 4033 741 4089 Schad.
769 4033 809 4088 Kl.
831 4033 915 4087 Wihl.
959 4033 1009 4088 Die
1031 4031 1289 4102 jabresauhl1209‚

139 4123 245 4178 welche
255 4121 326 4176 anch
337 4121 424 4176 Zciler
433 4121 462 4175 in
473 4123 562 4177 eeiner
571 4122 777 4178 schwabischen
789 4121 911 4188 chronilr‚
931 4121 988 4176 und
999 4121 1071 4175 nach
1080 4120 1138 4174 ihm
1151 4119 1290 4174 Dieterieh

139 4229 165 4267 a.
185 4227 211 4265 a.
229 4228 254 4265 o.
273 4227 294 4265 s.
314 4207 348 4262 15
367 4210 425 4270 hat,
443 4209 482 4262 iat
499 4211 585 4279 gewis
610 4209 766 4278 unrichtig,
787 4211 860 4264 deun
878 4208 967 4264 Franz
991 4226 1045 4264 von
1064 4207 1149 4262 Araiai
1168 4208 1219 4262 hat
1237 4205 1291 4261 den

138 4297 227 4354 orden
245 4297 295 4352 der
315 4297 417 4352 fratres
436 4296 556 4354 minoren
575 4301 632 4353 erst
654 4297 720 4352 1210
738 4296 883 4366 gestiltct,
903 4297 1021 4352 welcher
1042 4299 1108 4352 1215
1128 4295 1173 4350 die
1194 4298 1290 4364 papst·

138 4388 212 4442 licbe
230 4383 415 4455 bestlltigung
441 4385 552 4441 crhielt.
589 4385 670 4440 l'abri
690 4385 799 4441 schrieb
824 4385 895 4440 wohl
919 4385 998 4448 1220,
1024 4384 1076 4439 wie
1105 4383 1177 4439 Mon.
1201 4383 1210 4436 l
1233 4381 1290 4436 und

138 4473 258 4534 Goldast
278 4475 319 4526 ut.
338 4469 439 4526 haben.

1311 2244 1370 2279 uolo.

1297 2287 1311 2320 Ρ
1317 2291 1386 2326 111111

21 2572 24 2580 ’
138 2561 259 2626 multos
282 2582 381 2626 annos
405 2561 494 2626 stetit
516 2562 629 2626 civitas
651 2561 685 2626 in
707 2562 858 2627 continuo
882 2563 1086 2628 incremento.
1131 2561 1287 2629 Inchoata
1395 2641 1399 2650 ι
