3080 4938
560 1488 788 1594 Principale
814 1488 878 1572 IV.

367 1673 409 1740 llc
432 1674 544 1742 ordine
568 1677 680 1761 popnli
703 1677 737 1743 in
761 1676 896 1744 civitate
920 1676 1068 1743 ulmensi.
1231 1725 1234 1734 .

232 1921 390 1998 Quartum
413 1919 588 2006 principale
611 1925 658 1986 est
673 1922 711 1987 de
726 1922 836 2006 populi
856 1923 995 1987 civitatis
1018 1922 1169 1986 ulmensis
1186 1921 1295 1986 ordine

144 2032 178 2092 et
192 2027 347 2093 divisione
363 2051 419 2112 per
435 2027 600 2092 distinctas
616 2026 792 2092 societates.
839 2028 918 2093 Cum
934 2027 1018 2094 enim
1042 2027 1155 2118 civitas
1170 2027 1294 2092 ulmen-

142 2132 187 2196 sis
202 2133 254 2196 ‘sit
275 2131 370 2217 plena
393 2133 511 2216 populo
545 2131 694 2196 etmulti
717 2129 808 2198 valde
831 2133 896 2198 sint
918 2133 968 2198 sui
999 2133 1215 2213 habitatores,
1248 2132 1295 2196 ita

142 2238 228 2322 quod
251 2237 286 2301 in
313 2237 497 2301 civitatibus
527 2237 625 2321 triplo
654 2237 829 2302 maioribus
858 2261 922 2302 non
951 2239 1016 2304 sint
1044 2241 1143 2302 tantae
1172 2241 1293 2324 gentes,

142 2363 268 2407 necesse
291 2346 338 2406 est
361 2365 428 2408 esse
450 2342 608 2422 ordinem,
640 2365 711 2408 cum
739 2345 911 2408 multitudo
938 2345 1044 2429 pariat
1065 2343 1293 2423 confusionem,

140 2446 197 2512 ubi
221 2447 342 2512 scilicet
365 2453 413 2513 est
435 2449 609 2514 multitudo
631 2449 699 2515 sine
722 2450 845 2528 ordine3
879 2451 955 2534 qnia
981 2472 1104 2534 semper
1125 2450 1159 2515 in
1183 2448 1293 2514 multi-

140 2552 253 2617 tudine
275 2552 478 2638 inaequalitas
501 2555 658 2638 reperitur
681 2558 713 2620 et
734 2555 791 2620 illa
814 2556 1016 2641 inaequalitas
1039 2555 1182 2620 ordinem
1206 2556 1293 2634 facit,

143 2681 216 2722 cum
238 2659 322 2724 inter
345 2660 482 2744 aequales
506 2661 583 2725 ordo
605 2683 673 2727 esse
695 2684 759 2726 non
780 2663 889 2746 possit.
937 2659 1029 2727 Unde
1045 2659 1295 2744 Philosophus4

144 2763 372 2847 politicorum²
395 2765 510 2849 probat
542 2766 704 2831 civitatem
733 2767 825 2832 bonae
851 2767 972 2851 politiae
1004 2770 1148 2831 constare
1171 2786 1235 2829 non
1257 2787 1294 2828 ex

1301 1509 1399 1552 Sequitur

1312 1563 1336 1587 ex
1350 1564 1376 1588 m.

1313 1599 1389 1640 scripto

1310 1644 1332 1676 FO
1344 1643 1366 1676 F·
1378 1643 1401 1676 F!

1323 1688 1376 1722 mn·

143 2891 210 2932 uns
233 2875 334 2953 parte,
357 2869 418 2934 hoc
440 2875 488 2934 est
511 2892 575 2934 non
598 2893 635 2936 ex
660 2869 835 2954 aequalibus
859 2870 990 2948 civibus,
1015 2871 1068 2936 scd
1085 2868 1294 2954 expluribus,
1378 2881 1381 2888 '

144 2977 182 3038 nt
205 2975 271 3038 sint
287 2973 467 3040 differentes
482 2975 690 3040 habitatores.
736 2973 818 3040 Sunt
834 2979 939 3040 autem
956 2976 989 3040 in
1014 2975 1143 3040 civitate
1159 2975 1293 3039 ulmensi

143 3081 265 3164 septem
288 3079 404 3142 civium
437 3079 644 3159 differentiae,
677 3084 798 3163 septem
830 3080 980 3144 facientes
1007 3084 1125 3156 statum
1157 3068 1294 3164 suntdue

147 3183 239 3268 quasi
271 3188 391 3268 septem
427 3185 580 3248 columnae
615 3185 731 3268 quibus
765 3185 943 3269 respublica
974 3185 1113 3250 civitatis
1144 3185 1294 3249 ulmensis

144 3291 354 3368 sustentatur,
379 3313 458 3374 quas
481 3297 600 3374 septem
624 3291 786 3356 columnas
809 3295 928 3356 aeterna
943 3290 1101 3375 sapientia
1116 3289 1232 3354 excidit
1254 3291 1293 3354 ad

144 3393 361 3458 aedificandam
377 3395 439 3459 sibi
463 3395 602 3474 domum,
627 3395 736 3481 Sapo
752 3395 783 3474 ’ς
807 3397 946 3477 domum,
970 3383 1110 3480 inquam,
1132 3395 1227 3459 huius
1247 3393 1293 3458 al·
1425 3476 1429 3484 Ι

143 3523 204 3564 mae
228 3500 367 3566 civitatis
390 3500 562 3580 Ulmensis,
586 3502 675 3566 cuius
698 3502 834 3567 civilitas
858 3501 909 3566 his
931 3507 1050 3586 septem
1067 3501 1293 3585 distinguitur:

233 3603 332 3668 Primi
362 3610 438 3670 sunt
470 3607 647 3671 sacerdotes
681 3611 713 3672 et
736 3607 898 3692 religiosi,
930 3630 986 3692 per
1009 3629 1088 3692 quos
1116 3603 1294 3690 respublica

143 3707 327 3774 coelestibus
352 3715 383 3775 et
406 3711 472 3776 Deo
497 3712 651 3797 iungitur.

233 3813 367 3879 Secundi
391 3817 513 3882 nobiles
536 3822 568 3883 et
590 3821 747 3904 generosi,
772 3842 826 3904 per
845 3842 928 3904 ,qnos
953 3819 1049 3883 armis
1065 3817 1239 3902 acquiritur
1262 3821 1294 3884 et

144 3919 338 3986 defensatur.

233 4023 334 4091 Tertii
359 4029 573 4112 praecellentes
596 4035 628 4094 et
651 4031 777 4110 fanrosi,
802 4053 857 4114 per
880 4053 958 4113 qrnos
975 4029 1154 4114 respublica
1175 4031 1292 4115 guber-

145 4137 242 4196 natur
264 4135 297 4196 et
320 4134 450 4218 regitur.

706 4279 722 4316 ’l‘

220 4385 230 4436 l
251 4385 436 4454 ipolliticor.
456 4385 528 4442 Mon.
548 4385 573 4440 2.
592 4385 637 4440 Kl.
681 4387 799 4442 iethic.
819 4385 917 4441 Sehad.
939 4385 1061 4442 Schmid.
1081 4387 1124 4442 ΚΙ.
1207 4387 1223 4439 2
1243 4385 1293 4440 Die

146 4470 228 4525 stelle
245 4469 283 4525 ist
302 4471 438 4526 rielmehr
456 4471 536 4528 Pron.
555 4474 579 4536 9,
601 4473 623 4527 1.

199 4576 325 4620 nemanso·
341 4577 480 4618 decivitate
496 4579 604 4621 ulmeusi.
1068 4581 1085 4633 4
