3014 4926
669 345 734 422 97.

278 523 346 592 Aut
366 525 427 590 tibi
449 546 562 590 manus
584 523 713 589 lesionis
735 523 831 589 ullius
855 523 987 589 inieoilr

121 623 124 630 ’
197 649 252 688 ²2⁸⁰
280 629 369 695 'luno
391 629 557 696 defunctus
580 628 635 693 illo
657 651 736 712 puer
757 650 871 712 parum
893 627 1075 713 suspiravit,

279 735 324 800 Et
344 734 466 800 cunetis
489 735 691 800 audientibus
713 733 771 800 beo
794 733 899 799 dicens
922 734 1130 799 exclamavit:

282 839 351 906 »Tu
373 862 536 925 nunquam
559 839 719 905 offendisti
741 861 800 919 me,
824 861 881 904 neo
895 861 954 911 ‚me
976 839 1182 924 precipitasti,

279 944 392 1032 Neque
413 951 451 1011 tu
473 946 573 1010 lesisti
595 968 654 1024 me,
678 965 735 1010 neo
757 945 928 1030 quicquam
949 943 1156 1010 molestasti«

279 1049 337 1116 Ait
360 1073 436 1139 ergo
460 1073 536 1135 puer
559 1049 671 1115 Jesus:
694 1048 765 1114 »Oh
788 1049 848 1114 hoo
870 1049 955 1134 quod
977 1053 1143 1115 exossatus

199 1175 254 1212 πω
281 1155 341 1222 Por
363 1163 395 1221 te
417 1179 497 1238 sum,
521 1161 553 1221 et
574 1155 741 1224 veritatem
764 1177 796 1220 es
819 1155 930 1220 deme
952 1159 1156 1239 protestatus,

281 1259 369 1348 Ergo
393 1262 519 1341 mando,
543 1261 627 1346 quod
652 1282 798 1347 resurgas
821 1283 840 1324 a
861 1261 995 1325 mortuis
1018 1261 1169 1339 victurus,

283 1364 358 1432 Vite
380 1371 435 1432 tue
456 1371 600 1450 tempora
623 1387 717 1430 sanus
740 1365 953 1449 completurus
966 1367 995 1430 Ξ(

283 1469 399 1536 Statim
421 1473 589 1555 postquam
611 1491 690 1554 puer
712 1467 805 1534 Jesns
828 1470 959 1536 verbum
983 1471 1063 1536 illud
1085 1471 1177 1552 dixit,

285 1574 460 1642 Defunctus
482 1597 560 1660 puer
579 1597 652 1640 mox
675 1596 842 1660 resurgens
865 1599 884 1640 a
904 1577 1039 1642 mortuis
1063 1577 1188 1656 reuixit,

206 1699 260 1737 ern
287 1681 331 1746 ut
353 1680 562 1765 procumbens
584 1683 658 1744 ante
680 1678 790 1744 Jesum
813 1681 917 1765 ipsum
939 1682 1092 1762 adoravit,

287 1785 393 1870 Atque
415 1807 522 1850 corum
544 1785 690 1850 omnibus
712 1786 797 1850 huno
818 1785 1019 1870 glorifieavit,

287 1889 420 1956 Dicens:
446 1889 532 1954 »Hio'
550 1895 598 1955 est
619 1891 704 1955 filius
726 1891 776 1956 dei
799 1913 892 1984 quem
915 1893 1048 1956 adorant
1177 1967 1179 1975 Ι

285 1995 412 2080 Angeli,
436 1996 490 2060 sed
512 1996 660 2060 demones
683 1999 715 2060 et
737 1995 881 2062 homines
904 1997 1083 2083 ignorant«

270 2363 373 2450 Quod
399 2363 511 2438 Jesus
538 2363 723 2438 trahendo
750 2363 989 2459 prolongavit
1016 2355 1142 2458 ligno.¹
1223 2378 1226 2382 ’

286 2625 405 2712 Joeeph
428 2627 644 2710 carpentarius
667 2625 739 2704 fuit,
762 2629 795 2691 et
816 2627 950 2693 secanda

208 2751 261 2790 am
287 2733 359 2798 Duo
380 2731 471 2818 ligna
492 2753 582 2797 servo
605 2753 661 2796 suo
684 2731 771 2796 dedit
793 2735 824 2797 et
846 2734 990 2818 equanda

286 2835 463 2903 Secundum
485 2836 641 2922 quendam
662 2837 835 2916 modulum,
858 2843 1006 2902 mensura
1028 2837 1089 2903 sibi
1111 2840 1194 2905 data.

288 2941 348 3009 Sed
370 2942 504 3027 precidit
524 2941 580 3006 ille
601 2941 691 3028 ligna
712 2942 806 3008 nimia
829 2946 1017 3022 aooourtata,

287 3047 380 3114 Unde
401 3049 516 3113 timens
540 3047 701 3112 dominum
724 3069 816 3111 suum
839 3048 1038 3128 tristabatur,

287 3153 377 3218 'luno
397 3174 477 3238 puer
498 3150 591 3217 Jesus
620 3153 801 3237 supervenit
829 3152 1011 3218 tristantem
1033 3153 1275 3239 contemplatur,

214 3277 264 3315 mo
289 3257 486 3343 causamque
508 3257 640 3322 tristitie
661 3277 716 3322 sue
737 3257 925 3336 sciscitetur,

287 3361 332 3429 Es
354 3385 373 3428 a
395 3385 485 3429 servo
507 3363 617 3428 statim
639 3363 668 3428 ei
690 3363 811 3428 fautum
834 3368 1001 3429 reseratur.

291 3467 384 3534 Jesus
407 3468 468 3533 ait:
496 3467 603 3553 »Ergo
625 3490 683 3533 nos
707 3460 796 3554 ligna
818 3469 1053 3556 prolongemus,

290 3573 334 3638 Et
357 3573 396 3638 ad
418 3595 598 3639 mensuram
620 3572 759 3638 debitam
783 3574 946 3639 trahentes
968 3575 1026 3639 hec
1049 3578 1222 3658 aptemus«

292 3677 407 3745 Servus
430 3679 491 3743 ait:
519 3677 615 3744 »Care
638 3679 716 3763 pu'er
738 3702 901 3765 nunquam
924 3680 1155 3766 prolongantur

219 3803 267 3842 uro
292 3783 403 3870 Ligna,
423 3788 578 3868 quantum
595 3785 813 3864 extendantur,
830 3786 879 3850 vel
895 3789 1016 3870 quanta
1030 3785 1062 3848 vi
1078 3783 1278 3848 trahantur«

290 3887 350 3954 Sed
372 3887 466 3954 Jssus
487 3910 586 3952 unum
609 3887 704 3953 finem
726 3889 808 3976 ligni
830 3889 956 3974 capiens
979 3887 1137 3968 trahebat,

293 3991 407 4058 Servus
430 3992 525 4058 finem
548 3994 683 4059 alterum
705 3999 815 4059 tenens
835 3994 1027 4074 retrahebat,

294 4095 406 4184 Sioque
427 4096 520 4163 Jesus
542 4104 638 4183 atque
661 4121 769 4164 servus
792 4099 849 4164 bec
871 4099 960 4184 ligna
982 4096 1228 4183 prolongabant,

296 4205 344 4268 Ad
365 4225 546 4270 mensurum
569 4203 708 4270 debitam
730 4205 893 4270 trahentes
918 4205 1121 4289 adaptabant.

184 4427 245 4468 vu·
259 4425 329 4478 um·
1058 4411 1074 4465 7
