3034 4922
675 365 737 435 179

151 649 259 735 Quod
286 650 399 724 Judei
426 650 637 724 deriserunt
663 650 794 725 Jesum
822 651 861 723 in
888 671 997 724 eruce
1026 651 1264 747 pendentem.

288 858 479 926 Pendentem
502 856 612 923 Jesum
634 858 667 922 in
690 846 782 924 crure
803 857 898 924 Judei
921 859 1196 944 blasphemabant,

287 963 450 1030 Morentas
472 983 531 1029 sua
555 965 660 1048 eapite
682 965 881 1049 ridentesque
902 964 1102 1030 clamabant:

290 1067 419 1134 »Vaehl
442 1069 497 1154 qui
520 1069 674 1154 templum
696 1069 831 1135 destruit
853 1073 884 1135 et
906 1069 987 1134 illud
1008 1091 1083 1134 mox
1105 1074 1243 1136 ereetum

287 1175 325 1240 Iu
347 1175 453 1241 triduo
475 1175 618 1240 redifioat
638 1175 673 1239 in
696 1176 842 1240 omnibus
865 1174 1059 1260 perfectum!

213 1300 266 1338 ⁶2⁹⁰
292 1280 340 1346 De
363 1301 453 1346 eruce
474 1281 569 1346 modo
591 1281 768 1361 descendet,
791 1281 818 1346 si
840 1281 925 1346 fflins
948 1284 996 1345 est
1018 1279 1068 1344 dei

287 1384 331 1450 Et
352 1407 386 1451 se
407 1385 530 1451 salvum
552 1387 658 1465 faeiat,
682 1391 719 1451 ut
739 1387 901 1452 credamne
924 1386 963 1451 ei.

285 1489 326 1556 Se
347 1491 451 1575 ipsum
473 1491 596 1555 salvum
618 1489 722 1556 faeere
744 1513 808 1556 non
831 1495 936 1576 potest
957 1489 1012 1575 qui
1035 1488 1171 1554 salvavit

287 1594 387 1674 Alios,
410 1599 442 1660 et
464 1599 605 1661 mortuos
627 1597 667 1661 ad
691 1597 789 1661 vitam
813 1594 990 1672 revocavit3

289 1697 324 1764 si
347 1700 425 1780 vult,
449 1700 554 1784 ipsum
577 1699 690 1766 liberet
712 1702 798 1781 deus,
821 1703 855 1765 in
878 1721 941 1785 quo
964 1703 1079 1784 sperat,

211 1823 263 1863 ινδ
289 1803 408 1870 Salutis
430 1809 463 1870 et
484 1806 639 1870 auxilium
661 1806 723 1871 sibi
744 1807 838 1872 modo
860 1803 952 1870 ferat.

269 2123 323 2198 De
349 2123 559 2200 latronibus
587 2125 651 2219 qui
678 2122 893 2222 pendebant
920 2145 1002 2198 eum
1031 2121 1134 2198 Jesu.

289 2332 382 2400 Unus
405 2357 443 2399 ex
464 2331 643 2399 latronibus
665 2332 775 2400 Jesum
797 2333 1046 2419 blasphemavit:

289 2437 353 2504 »Te
364 2439 487 2504 salvum
499 2439 559 2518 fao,
576 2439 603 2503 si
615 2437 762 2504 Christus
778 2462 820 2519 es,
844 2443 876 2504 et
891 2460 948 2503 nos
964 2443 1099 2516 tecum«,
1115 2437 1275 2501 clamavit.

288 2545 338 2609 Ad
361 2567 454 2629 quem
477 2544 523 2609 ait
545 2545 625 2609 alter
647 2545 731 2609 latro
752 2544 983 2630 reprehendens
1006 2565 1092 2608 eum:

290 2647 387 2714 »Cum
409 2649 452 2714 sis
474 2653 508 2713 in
531 2671 613 2734 pena
636 2650 743 2728 simili,
766 2671 823 2714 neo
844 2649 936 2713 times
960 2647 1063 2713 adhue
1085 2648 1197 2712 deum!

212 2774 263 2812 noo
289 2751 355 2819 Nos
379 2775 452 2820 vero
475 2753 569 2840 digne
593 2754 754 2834 morimur,
777 2753 830 2818 hio
853 2752 934 2817 nihil
956 2753 1032 2816 mali
1055 2753 1170 2837 gessit3

288 2857 393 2924 Iustus
416 2863 464 2924 est
486 2863 518 2923 et
540 2859 699 2938 innocens,
722 2879 881 2944 nunquam
906 2857 958 2922 hio
980 2857 1141 2922 excessit«

288 2963 331 3027 Et
352 2965 390 3028 ed
413 2961 524 3028 Jesum
546 2964 593 3028 ait
613 2963 680 3028 hio:
712 2961 900 3040 »Memento
923 2984 1002 3042 oare,
1025 2962 1097 3040 mei,

286 3066 364 3132 Cum
385 3068 507 3133 veneris
528 3067 562 3131 in
584 3087 717 3154 regnum
739 3071 859 3132 tuum«
884 3066 974 3132 'luno
996 3065 1089 3132 Jesus
1112 3067 1158 3131 ait
1180 3066 1228 3130 ei:

214 3184 223 3202 ·
290 3169 420 3251 ‚Amen
444 3194 545 3250 amen,
569 3171 638 3236 dieo
660 3173 736 3250 tibi3
759 3172 852 3238 hodie
873 3172 1030 3237 ducereris

214 3291 265 3332 ⁶⁸⁰⁶
291 3279 339 3344 Ad
362 3279 499 3364 paradisi
522 3277 675 3364 gaudium
697 3277 805 3362 ibique
827 3299 950 3343 mecum
973 3277 1065 3343 eris«

162 3583 169 3596 ’
298 3593 400 3682 Quod
427 3595 538 3673 Jesus
565 3597 738 3694 spiritum
765 3597 890 3672 emisit
917 3595 956 3669 in
985 3616 1104 3669 oruoe.

290 3805 377 3872 Hora
398 3811 488 3873 sexta
509 3807 638 3872 tenebre
659 3805 743 3872 facte
766 3811 842 3872 tune
864 3806 993 3872 fuerunt

286 3909 344 3978 Per
358 3935 484 3979 omnem
499 3919 616 3978 terram
631 3935 729 3998 nsque
746 3935 862 3978 nouam
873 3912 985 3978 horam
1001 3931 1062 3995 que
1075 3913 1271 3973 manserunt.

288 4015 377 4082 (lires
398 4039 515 4083 nonam
537 4018 649 4082 horam
672 4019 742 4103 pius
764 4017 857 4084 Jesue
878 4016 1075 4096 exclamavit,

288 4118 406 4208 Magna
429 4143 503 4187 voce
525 4125 648 4206 patrem
671 4121 737 4186 eins
760 4122 798 4186 de
820 4121 894 4186 eolis
916 4121 1076 4186 invocavit

217 4239 265 4278 ⁶⁸¹⁰
290 4223 421 4292 Dicens:
449 4225 745 4311 »Lemambaotany‚
767 4225 852 4310 hely,
875 4225 958 4310 hely,
981 4225 1073 4310 hely!

289 4327 422 4396 Calicem
445 4351 538 4416 quem
562 4331 689 4396 dederas
711 4331 775 4395 iam
800 4329 866 4394 bibi
888 4335 978 4415 pater
1000 4329 1098 4394 celin

289 4429 365 4499 Post
385 4433 447 4500 hoo
469 4436 531 4500 ait:
556 4433 693 4502 »Sitiolr
718 4433 820 4517 Jesns,
845 4441 877 4500 et
899 4439 1022 4500 acetum

1010 4539 1042 4597 12
1054 4537 1069 4568 *
