3072 4936
600 375 602 380 ’
696 359 754 424 121

149 533 345 598 constitutus
368 531 524 612 habetur,
555 533 632 598 ordo
659 533 770 617 utique
793 533 928 618 iusignia
959 539 991 597 et
1019 535 1110 618 quasi
1140 536 1299 616 centralis,

149 638 190 703 ad
213 661 307 724 quem
331 661 441 704 omnes
470 661 559 723 paene
582 639 791 724 praecedentes
822 643 854 702 et
877 643 1042 722 sequentes
1071 646 1247 723 respectum
1270 645 1302 706 et

148 744 427 828 participationem
451 745 611 829 quandam
627 744 756 808 habent.
803 743 847 808 Et
869 766 939 808 cum
957 743 1104 808 omnibus
1127 745 1194 810 vice
1210 768 1301 810 versa

150 848 333 934 participat,
354 850 387 913 in
403 849 583 928 nobilitate,
607 849 727 913 divitiis
750 871 819 913 cum
838 848 1063 932 superioribus,
1088 850 1120 913 in
1136 849 1300 914 laboribus

149 961 224 1020 'vero
248 959 280 1021 et
296 956 454 1039 angustiis
477 976 548 1019 cum
565 953 789 1030 inferioribus,
813 957 846 1018 et
868 954 943 1018 dum
960 953 1076 1037 aliquis
1099 954 1137 1018 de
1153 956 1299 1035 secund0,

151 1059 248 1124 tertio
279 1065 335 1124 aut
366 1063 481 1144 quarto
519 1059 682 1124 ordinibus
713 1057 844 1124 deficere
878 1057 1006 1142 incipit,
1045 1082 1119 1123 mox
1149 1061 1183 1124 in
1215 1059 1300 1124 hunc

148 1167 297 1249 quintum
314 1165 455 1230 ordinem
474 1165 642 1242 descendit,
666 1167 703 1228 ut
719 1163 898 1248 resipiscat;
923 1162 997 1228 etsi
1021 1164 1092 1246 quis
1112 1163 1150 1229 de
1165 1187 1299 1249 sequen-

147 1271 235 1334 tibus
267 1269 432 1334 ordinibus
462 1269 608 1354 proficit,
639 1269 673 1334 in
695 1267 779 1333 bunc
803 1271 912 1334 statim
944 1269 1088 1334 ordinem
1110 1291 1144 1334 se
1173 1292 1298 1336 sursum

149 1375 236 1440 tollit
261 1379 297 1439 ut
312 1375 415 1460 magis
431 1374 585 1459 proficiat.
611 1375 718 1458 sicque
733 1373 833 1438 socios
848 1373 968 1438 habent
984 1378 1173 1439 mercatores
1189 1398 1299 1459 supre-

146 1503 217 1544 mos
240 1484 273 1545 et
295 1480 439 1562 infimos,
463 1485 495 1545 et
517 1501 747 1565 nonnunquam
770 1502 842 1544 cum
865 1479 909 1543 eis
933 1479 1102 1563 optimates
1125 1479 1299 1564 participa-

146 1586 267 1650 tionem
291 1586 323 1650 in
348 1587 435 1650 lucro
457 1585 575 1650 habere
596 1589 777 1668 procurant.
824 1583 868 1648 Hi
897 1583 1113 1668 negotiatores
1136 1585 1298 1650 civitatem

147 1689 334 1756 Ulmensem
365 1691 405 1756 ab
428 1692 514 1755 intra
536 1695 668 1768 ornant,
701 1689 741 1754 ab
773 1693 863 1755 extra
893 1710 968 1754 vero
1000 1689 1101 1772 ipsam
1125 1688 1297 1754 formosam

146 1795 293 1860 reddunt.
317 1817 480 1881 nunquam
495 1794 579 1860 enim
595 1795 635 1859 ad
650 1799 757 1859 tantas
769 1793 945 1858 devenisset
960 1792 1089 1858 divitias
1105 1815 1162 1858 nec
1170 1797 1298 1858 tantum

148 1900 370 1984 acquisivisset
384 1921 498 1966 nomen
515 1902 548 1964 et
561 1899 690 1978 famam,
706 1899 769 1963 nisi
783 1902 973 1963 mercatores
988 1897 1020 1962 id
1036 1883 1184 1983 egissent.
1224 1897 1299 1964 Ideo

147 2004 226 2068 olim
249 2005 463 2090 negotiatores
486 2005 569 2085 veri,
603 2001 658 2089 qui
689 2005 815 2088 magnis
838 2003 994 2068 mercibus
1017 2025 1146 2087 operam
1168 2004 1297 2084 dabant,

148 2109 225 2174 dum
250 2110 344 2174 ditati
368 2110 516 2189 fuerunt,
541 2115 693 2194 tanquam
717 2109 840 2175 emeriti
863 2109 967 2174 habiti
990 2107 1242 2174 admittebantur
1264 2109 1298 2172 in

145 2215 290 2280 ordinem
313 2215 480 2280 tertiorum
504 2214 621 2280 civium
642 2213 808 2293 nobilium,
832 2213 1001 2278 dummodo
1024 2212 1144 2277 divitiis
1167 2216 1199 2278 et
1223 2235 1298 2297 pru·

146 2320 256 2384 dentis
273 2324 377 2385 essent
393 2321 542 2386 valentes.
581 2318 808 2404 Negotiatores
823 2320 984 2405 quondam
1000 2317 1120 2402 Tyrum
1136 2317 1298 2384 civitatem

145 2423 352 2488 reddiderunt
367 2424 623 2503 famosissimam,
647 2428 684 2487 ut
707 2444 797 2488 sacra
819 2423 896 2487 dicit
919 2423 1077 2508 scriptura
1092 2422 1239 2488 Ezechiel
1254 2425 1297 2490 26

143 2533 179 2596 et
194 2528 318 2594 duobus
334 2529 481 2613 capitulis
497 2529 712 2613 sequentibus.
758 2527 810 2594 Sic
825 2528 919 2593 hodie
937 2527 1130 2592 Alexandria
1145 2532 1177 2592 et
1192 2526 1298 2614 Chay·
1372 2518 1377 2528 ’
1408 2597 1412 2606 ,

145 2655 201 2698 rus
213 2633 222 2668 ¹
236 2632 358 2717 Egypti
370 2633 531 2710 civitatem
544 2633 728 2713 Damascus
738 2632 902 2712 Beretum,
914 2631 1063 2718 Tripolis,
1077 2631 1178 2717 Syriae
1187 2633 1297 2711 urbes;

148 2736 353 2820 Famagusta,
376 2735 527 2802 Nicosia²
545 2737 657 2822 Cypri3
681 2737 983 2821 Constantinopolis,
1007 2735 1132 2821 Capsa⁸
1150 2735 1298 2814 Graeciae3

145 2841 301 2920 Venetiae,
317 2841 443 2908 Jenua¹
461 2843 580 2920 Italiae3
603 2842 760 2908 Gebennis
771 2843 794 2922 ⁶,
817 2842 1005 2926 Lugdunum
1020 2839 1132 2906 Galliae
1144 2841 1298 2906 universis

145 2951 233 3012 notae
255 2947 348 3012 iactae
371 2947 472 3032 [snut]
504 2969 560 3032 per
582 2949 806 3030 negotiatores.
853 2947 970 3012 Eodem
1005 2947 1098 3011 modo
1121 2945 1297 3025 Coloniam,

145 3050 424 3131 Franckfcrdiam,
440 3051 706 3137 Nlirembergam,
723 3052 904 3136 Augustam
921 3055 952 3116 et
967 3049 1097 3116 Ulmam
1117 3071 1210 3114 nemo
1225 3049 1297 3133 plus

145 3179 244 3242 quam
267 3157 485 3242 negociatores
501 3157 678 3222 diffamant.
725 3156 831 3221 Habet
854 3157 935 3220 enim
963 3154 1137 3218 Franconia
1158 3151 1298 3218 Nurem-

144 3263 276 3346 bergam
302 3266 454 3347 tauquam
478 3283 571 3326 snum
595 3261 784 3335 fonticuml,
810 3259 947 3325 Bavaria
971 3260 1159 3342 Augustam,
1183 3254 1298 3322 Suevia

147 3371 256 3434 autem
281 3371 423 3432 nostram
446 3367 544 3431 habet
558 3364 687 3440 Ulmam
711 3365 867 3430 mercibus
890 3365 974 3428 notis
998 3367 1030 3427 et
1050 3361 1226 3446 peregrinis
1249 3384 1298 3426 re·

143 3578 244 3642 citete
266 3580 334 3640 tota
357 3575 422 3640 fere
446 3573 561 3640 Suevia
584 3573 702 3659 optatis
718 3573 837 3638 fruitur
856 3572 1022 3637 mercibus.
1069 3571 1166 3638 Ulma
1182 3576 1218 3636 ut
1233 3573 1298 3637 dixi

713 3716 730 3752 a

219 3811 232 3866 1
252 3811 380 3880 Chayrus
400 3812 522 3882 Aegypti
535 3809 635 3868 Scbad.
648 3809 691 3864 Kl.
729 3810 835 3878 Ceyrus
851 3809 972 3878 Aegypti
990 3807 1111 3862 Schmid.
1126 3807 1212 3862 Wibl.
1248 3807 1298 3864 Ca·

142 3903 203 3957 irus
225 3900 346 3970 Aegypti
365 3899 435 3957 Gon.
472 3899 589 3955 Chairus
609 3899 732 3970 Aegypti
750 3898 822 3952 Besa.
878 3899 894 3950 2
913 3895 1045 3951 Nichosia
1063 3893 1162 3950 Schad.
1176 3895 1298 3950 Schmid.

144 3987 233 4042 Wibl.
252 3987 322 4042 cor.
375 3984 848 4056 30apsaSehud.Schmid.Wibl.
865 3983 906 4036 lll.
943 3983 1040 4052 Cepha
1057 3983 1129 4036 Mon.
1146 3985 1170 4035 2.
1208 3981 1299 4052 (lapis

144 4075 214 4131 Gok.
235 4073 307 4128 Besa.
345 4072 404 4127 Ani
419 4073 468 4128 der
487 4073 557 4128 insel
576 4071 677 4142 Gerigo
695 4071 741 4126 die
761 4069 934 4126 bedentende
962 4069 1157 4124 handelsstadt
1176 4069 1299 4138 Capsali.

144 4166 162 4217 4
181 4161 274 4216 Jenua
293 4161 376 4215 ltalie
390 4159 461 4216 Mon.
476 4162 501 4216 2.
537 4161 628 4216 Jenua
641 4157 732 4214 ltalia
745 4157 844 4215 Sebad.
862 4157 902 4210 lil.
939 4157 1054 4212 Genoua
1069 4156 1160 4210 ltalia
1179 4155 1298 4212 Schmid.

144 4249 231 4304 Wibl.
268 4249 366 4322 Genua
384 4246 475 4302 ltalia
494 4246 564 4304 Gok.
584 4247 656 4302 Besa.
746 4243 919 4301 5Gebennis
944 4243 1035 4298 huben
1056 4243 1125 4306 alle,
1157 4241 1300 4298 vielleicht

143 4337 190 4392 sur
208 4337 331 4392 Genava.
418 4337 435 4392 6
454 4335 522 4389 Was
540 4335 578 4388 ist
597 4333 757 4390 sonticum?
787 4332 871 4388 Wohl
897 4331 947 4386 das
970 4329 1147 4385 italienisehe
1173 4329 1299 4394 fundaro,

146 4425 310 4488 Kanthaus;
329 4423 358 4477 in
380 4421 506 4492 Venedig
524 4421 562 4478 ic
583 4421 708 4477 bekannt
726 4421 747 4475 il
766 4419 884 4477 sondaco
902 4418 946 4474 dei
966 4416 1106 4474 'l'edeschi
