3034 4922
762 376 826 441 240

376 549 426 614 Ex
449 549 543 616 huius
566 551 676 616 mundi
698 550 836 616 tenebris
858 555 890 615 te
912 551 988 635 quia
1011 549 1081 616 vult
1102 574 1223 634 vocare,

377 655 424 718 Ac
445 655 480 718 in
501 653 623 719 celestis
645 655 748 740 glorie
769 655 841 720 sede
863 655 1024 722 collocare.

375 758 425 823 Tu
448 760 531 824 enim
554 760 605 824 die
628 761 722 824 tertie
746 761 844 825 vitam
865 760 948 826 benc
972 763 1120 843 mutabis,

372 864 408 928 In
432 865 596 949 celumque
618 885 673 949 per
694 863 797 930 filium
819 870 981 950 assumpte
1003 849 1257 953 transmigrabis.

298 989 350 1026 ιιιο
375 969 412 1035 In
435 970 531 1035 buius
554 970 598 1035 rei
621 969 749 1054 signum
771 971 831 1035 tibi
854 971 991 1055 pelmem
1015 970 1097 1036 hanc
1120 973 1255 1057 portavi,

376 1073 449 1139 Tibi
471 1096 568 1159 quern
590 1095 609 1136 e
630 1073 697 1137 filio
720 1074 849 1138 missam
873 1075 1053 1159 assignavi3

376 1180 420 1244 Et
442 1180 524 1242 banc
546 1185 665 1242 vestem
688 1177 834 1243 manibus
857 1179 1008 1264 angelicis
1032 1185 1206 1259 consutam,

376 1283 479 1360 Quem
501 1282 564 1347 tuis
587 1283 619 1346 in
644 1283 784 1367 exequiis
805 1283 922 1348 babeas
945 1283 1107 1368 indutnm3

374 1387 419 1452 Et
441 1393 477 1452 ut
499 1393 572 1452 tuus
594 1387 700 1452 obitus
723 1409 795 1452 cum
817 1387 1035 1454 observatione

297 1511 349 1548 ⁷1⁴⁶
376 1491 449 1557 Fiet
471 1497 567 1577 etque
588 1492 695 1558 debita
718 1493 928 1572 veneratione,

375 1598 482 1682 Atque
504 1619 627 1663 sacrum
649 1619 762 1682 corpus
784 1601 875 1662 tuum
897 1597 1028 1682 indigne
1049 1620 1090 1664 ne
1111 1602 1276 1676 tractetur,

375 1701 442 1768 Nec
465 1725 484 1767 a
505 1701 615 1770 Jndeis
638 1703 743 1787 impiis
766 1702 826 1768 boc
848 1703 1081 1782 dehonestetur,

373 1807 483 1873 Mittet
504 1809 563 1874 tibi
585 1808 669 1872 filius
692 1813 765 1873 tuus
788 1807 951 1873 universos

374 1913 554 1997 Apostolos,
576 1935 631 1998 per
653 1917 756 1978 totum
779 1913 932 1978 mundum
955 1913 1050 1999 longe
1072 1913 1135 1978 iam
1158 1913 1326 1996 dispersos,

296 2037 347 2074 ⁷¹⁶⁰
376 2017 426 2083 Ad
449 2023 539 2083 tunm
558 2003 671 2082 ‘omnes
692 2017 812 2082 exitum
835 2019 890 2102 qui
912 2017 1201 2103 congregabuntur,

373 2125 417 2188 Et
439 2124 534 2208 digne
556 2127 646 2188 tunm
670 2123 793 2188 obitum
815 2123 850 2186 bi
872 2122 1116 2188 venerabuntur.
1162 2189 1165 2196 ,

373 2226 444 2312 Ipse
466 2228 516 2292 dei
536 2227 621 2292 filins
643 2227 736 2294 Jesus
758 2229 951 2307 incarnatus,

372 2332 480 2416 Atque
502 2333 540 2397 de
561 2333 759 2398 sanctissimo
783 2337 892 2398 ventre
914 2337 970 2397 tuo
993 2335 1097 2412 natus,

371 2435 423 2502 Ad
446 2442 478 2502 te
499 2437 707 2521 personaliter
729 2437 857 2502 veniens
879 2436 1053 2516 descendet,

294 2559 345 2597 ⁷¹⁶⁶
371 2543 478 2628 Atque
501 2547 643 2607 sanctam
665 2543 803 2607 enimam
824 2545 912 2606 tuam
935 2541 1158 2625 apprehendet,

372 2649 416 2712 Et
437 2649 477 2712 ad
499 2649 644 2712 celestem
665 2649 785 2712 curiam
807 2649 909 2731 ipsam
932 2646 1173 2731 transportabit,

372 2750 471 2834 Super
493 2750 606 2816 choros
628 2751 814 2836 angelorum
836 2773 968 2842 eamque
990 2751 1117 2816 locabit.

371 2855 448 2920 Post
470 2856 530 2920 hoc
552 2857 602 2921 die
623 2857 717 2921 tertio
741 2856 879 2920 unimam
901 2856 1028 2921 reducet

371 2960 415 3024 Et
437 2962 636 3026 coniunctam
658 2960 782 3044 corpori
805 2983 930 3025 rursum
953 2961 1142 3038 introducet,

294 3085 346 3122 ιιοι
371 3064 408 3130 In
431 3067 576 3132 celestem
598 3067 733 3152 gloriam
755 3070 792 3130 ut
814 3065 908 3130 simul
930 3065 1145 3142 iocundentur,

370 3169 414 3234 Et
435 3171 468 3234 in
491 3171 607 3238 eternis
630 3171 754 3256 gaudiis
777 3193 898 3255 semper
921 3169 1151 3236 consolentur«

216 3397 319 3482 Quod
352 3400 508 3493 angelus
536 3399 637 3473 dedit
665 3399 780 3472 Mar-ie
807 3400 974 3494 palmam
1009 3403 1047 3472 et
1073 3398 1356 3472 vestimentum.

369 3590 447 3655 Post
468 3591 526 3656 hos
549 3613 707 3657 sermones
731 3588 862 3676 angelus
884 3589 986 3656 Marie
1008 3589 1202 3675 presentavit

368 3695 510 3761 Palmam
535 3701 629 3782 etque
651 3697 885 3776 vestimentum,
909 3698 949 3762 ad
973 3696 1117 3780 celesque
1139 3692 1312 3778 migravit3

369 3801 413 3867 Et
436 3824 473 3866 ex
498 3802 589 3866 dictis
612 3803 678 3866 eius
701 3802 792 3887 virgo
816 3799 920 3866 Maria
942 3801 1124 3868 consolatur
1497 3809 1499 3916 q

290 3925 341 3962 ⁷1⁸⁵
369 3906 418 3970 Ac
439 3907 558 3972 domini
580 3929 652 3971 cum
673 3907 790 3992 gaudio
813 3907 1002 3990 promissum
1026 3904 1225 3991 prestoletur.

212 4139 315 4226 Quod
331 4141 450 4215 Maria
477 4147 645 4218 narravit
673 4145 860 4218 sodalibus
880 4145 955 4218 suis
977 4143 1098 4238 angeli
1115 4139 1356 4234 legationem.

367 4323 485 4390 Tamen
508 4331 635 4392 cunctas
659 4328 792 4392 feminas
815 4328 917 4392 Meris
939 4325 1132 4402 convocavit,

367 4429 435 4508 Qus
457 4451 526 4495 cum
551 4455 586 4498 es
610 4434 816 4498 merebantur
837 4439 870 4498 et
891 4433 955 4498 illis
977 4429 1137 4509 indicavit,
