3014 4926
782 313 845 386 let

437 599 493 673 De
516 597 767 674 hemorroissa
795 601 929 673 curate
954 619 1019 693 per
1046 597 1190 672 Jesum.

397 807 476 874 Cum
499 807 539 872 ud
560 805 773 873 suseitsndem
794 806 877 872 huuc
898 806 1080 873 defunctum
1101 805 1287 892 graderetur

318 933 371 973 πω
398 913 492 981 Jesus
512 916 544 978 et
566 934 586 978 s
608 913 797 998 populorum
819 912 915 978 turbe
937 915 1141 997 premeretur,

396 1017 617 1086 Hemorroisse
638 1017 753 1084 mulier
774 1019 909 1104 quedem
930 1018 1104 1084 vecabatur

395 1125 463 1204 Quo
483 1123 683 1209 periturum
706 1124 870 1210 sanguinis
893 1123 947 1188 diu
969 1123 1174 1210 gravabatur.

395 1229 456 1297 Sed
479 1229 554 1295 tsl'n
575 1229 729 1315 cogitatio
751 1228 887 1294 oecmrit
909 1228 976 1294 eius
998 1228 1119 1294 mentiz

393 1334 428 1402 si
450 1334 610 1400 fimbrium
633 1333 769 1419 tetigero
791 1333 841 1399 sui
862 1332 1043 1400 vestimenti
1087 1361 1090 1368 ·

316 1459 367 1498 ecco
393 1439 492 1526 Spero
514 1439 599 1526 quod
620 1461 642 1504 e
662 1439 773 1504 morbo
794 1460 865 1504 meo
887 1459 944 1522 per
965 1439 1071 1523 ipsum
1092 1437 1252 1506 libentur

394 1543 456 1610 Per
478 1565 573 1629 quem
594 1542 674 1608 milui
696 1543 853 1608 cruciatus
875 1545 923 1608 est
944 1546 1054 1608 tentus
1075 1547 1172 1629 etque
1192 1543 1292 1610 labor.

394 1648 500 1735 Igitur
522 1649 562 1714 ed
584 1648 694 1715 Jemm
715 1648 784 1714 ibet
805 1651 837 1714 et
859 1647 926 1714 eius
948 1647 1172 1714 rmtimeutum

393 1753 515 1842 'letigit
537 1759 570 1820 et
591 1753 739 1820 sanitatis
762 1753 879 1839 recepit
900 1757 1143 1820 sacramentum.

395 1859 472 1926 Mox
493 1865 531 1926 ut
552 1859 632 1927 Jesu
652 1859 812 1926 fimbrium
833 1859 947 1926 mulier
968 1858 1027 1925 hec
1048 1858 1146 1926 vestis

319 1983 371 2021 εσσε
397 1964 528 2052 Tetigit,
550 1966 585 2031 in
607 1987 645 2031 ee
665 1965 770 2030 fluxus
791 1963 925 2030 cmsevit
946 1985 1002 2030 sue
1024 1963 1139 2048 pestis3

394 2068 487 2137 Jesus
509 2071 619 2136 stetim
641 2069 825 2155 recognovit
846 2069 999 2134 divinitus
1021 2067 1082 2134 hoc
1103 2067 1223 2134 fectum

392 2177 437 2242 Et
458 2175 499 2241 eb
520 2175 578 2240 illo
599 2174 730 2242 muliere
752 2195 819 2240 sese
841 2174 909 2240 fore
930 2177 1061 2240 tectum.

391 2279 479 2345 Inter
500 2281 610 2346 turbes
633 2277 787 2360 substitit,
811 2278 972 2363 discipulis
993 2279 1137 2345 dicebat:

392 2383 470 2462 Quis
492 2407 525 2450 es
548 2385 603 2470 qui
625 2407 675 2450 me
697 2385 806 2470 tetigit
828 2383 974 2470 quesivit,
997 2384 1082 2470 quod
1104 2383 1240 2463 sciebet3

313 2507 366 2545 um
393 2487 506 2554 Petrum
528 2489 575 2554 uit
595 2493 631 2554 tu
653 2511 673 2554 e
695 2488 791 2554 turbe
812 2509 1008 2573 compressus
1031 2489 1221 2575 edgrereris
1309 2535 1311 2540 .

390 2593 434 2658 Et
455 2595 563 2680 queris
583 2599 689 2661 temen
711 2617 732 2660 e
752 2615 816 2680 quo
838 2595 881 2660 eis
903 2597 940 2659 tu
961 2597 1066 2660 tectus
1088 2593 1140 2660 rel
1161 2594 1316 2682 iungeris.

389 2697 482 2764 Jesus
504 2699 552 2765 uit
572 2700 690 2786 uliquis
709 2722 761 2765 me
781 2699 899 2785 tetigit,
922 2699 1075 2766 virtutem

390 2799 475 2868 Nem
499 2803 599 2869 exisse
622 2805 661 2870 de
681 2826 732 2869 me
754 2803 818 2868 scio
840 2801 1008 2889 morbique
1029 2805 1176 2872 sulutem.

390 2906 470 2972 Cum
492 2909 552 2974 hec
573 2908 695 2974 audiuit
716 2907 830 2974 mulier
851 2909 1022 2993 procedens
1044 2913 1097 2975 est
1116 2912 1259 2996 professa

314 3031 366 3069 ³⁹7⁶
392 3011 524 3079 Factum
536 3019 632 3100 etque
646 3015 792 3080 morbum
807 3035 900 3079 suum
915 3036 1009 3098 quem
1023 3015 1143 3081 dudum
1158 3019 1207 3082 est
1222 3037 1382 3102 perpessa.

389 3117 483 3184 Jssum
505 3120 568 3186 eit:
588 3120 647 3185 fiet
667 3119 727 3184 tibi
750 3120 835 3184 sicut.
853 3119 1022 3199 credidisti,

387 3221 425 3288 In
449 3228 481 3290 ts
503 3226 546 3290 sit
567 3247 689 3310 semper
712 3225 832 3289 sunites
854 3245 950 3308 quum
972 3247 991 3290 e
1012 3247 1064 3291 me
1086 3227 1241 3312 recepisti.

387 3327 503 3394 Mulier
525 3351 597 3394 eum
619 3329 783 3396 intellexit,
800 3327 883 3413 quod
906 3333 988 3400 suec
1011 3329 1150 3396 liberate

388 3431 419 3497 A
442 3433 638 3518 morboque
661 3424 824 3500 duodecim
847 3433 939 3499 anuis
961 3438 1155 3516 esttenete,

310 3555 362 3594 ³⁹⁸⁰
388 3537 456 3602 Deo
478 3543 584 3625 gretes
607 3539 718 3603 retulit
739 3539 844 3622 ipsum
866 3539 1026 3604 odorando

388 3641 433 3706 lit
453 3641 564 3708 Jesum
586 3643 619 3706 in
642 3641 815 3707 virtutibus
838 3641 904 3707 suis
926 3641 1145 3709 collaudando.

297 3955 349 4029 De
377 3957 539 4049 imagine
565 3979 680 4050 quem
706 3955 796 4030 fecit
822 3957 869 4029 ad
896 3958 1181 4034 similitudinem
1208 3963 1314 4039 Jesu.

385 4161 423 4228 In
445 4161 523 4228 Jesu
544 4166 621 4228 tunc
643 4164 826 4230 memorium
848 4169 881 4230 et
902 4165 1139 4234 dilectationem

385 4265 503 4352 Suique
525 4267 739 4334 dulcissimum
761 4268 1011 4334 recordetionem

383 4370 558 4460 Imaginem
581 4395 620 4441 ex
640 4373 746 4463 lapids
767 4373 842 4443 fecit
863 4373 921 4440 hec
943 4377 1061 4462 peruri,
