3034 4922
777 343 842 426 loe

378 630 482 722 Quod
509 635 621 714 Jesua
649 640 826 735 apparuit
851 640 990 736 Jeseph
1017 639 1055 716 in
1083 659 1242 716 earcere.

390 844 511 934 Joeeph
534 868 659 934 quoque
681 846 861 914 clauserant
881 847 915 916 in
937 869 1061 916 earcere
1082 849 1188 930 sarlei,

391 950 482 1026 Quod
503 950 525 1016 J
527 974 614 1020 esum
636 953 814 1040 sepelierat,
836 955 1098 1041 improperabant
1119 958 1157 1022 ei.

391 1055 474 1122 Huic
496 1060 529 1122 et
550 1058 700 1143 apparuit
721 1057 906 1126 confortans
927 1057 1021 1128 Jeaua
1041 1083 1125 1143 eum,

313 1182 365 1220 nn
391 1160 509 1228 Virum
531 1162 601 1228 fore
622 1186 657 1228 ae
678 1161 898 1230 demonstrans
921 1165 1082 1233 hominem
1103 1171 1136 1233 et
1156 1167 1260 1234 deum.

241 1463 344 1551 Quod
374 1465 548 1542 mulieres
574 1465 845 1542 nuntiaverunt
882 1465 1062 1562 apostolis
1097 1464 1287 1538 dominum
1324 1488 1379 1538 re-

701 1610 914 1663 surrexisse.

394 1794 483 1862 Tune
506 1797 547 1864 ad
568 1793 748 1864 Johannem
770 1800 867 1881 atque
889 1794 1019 1864 Petrina
1045 1797 1149 1882 primo
1172 1797 1364 1883 properabat
1508 1741 1509 1810 l

392 1901 593 1987 Magdalenn,
614 1901 777 1968 (lominum
799 1901 961 1968 sublatum
983 1903 1163 1983 nuntiabat,

396 2005 448 2072 Ad
470 2007 577 2074 fideles
599 2007 737 2092 reliquoÎ‡
760 2006 824 2072 alie
844 2011 999 2074 venerunt
1131 2059 1136 2072 .

393 2110 554 2191 Mulieres,
577 2111 739 2178 dominura
761 2109 924 2178 sublatum
945 2117 1164 2179 narraverunt.
1252 2175 1256 2183 .

238 2427 342 2514 Quod
363 2427 498 2502 Petrus
526 2431 566 2502 et
582 2426 775 2502 lohannes
796 2430 983 2500 venerunt
1009 2426 1057 2502 ad
1085 2431 1383 2502 monumentum.
1507 2475 1508 2498 r

318 2659 369 2697 eru
396 2637 511 2704 Petrus
533 2642 640 2704 auton
662 2641 695 2704 et
715 2633 880 2704 Johannea
902 2637 1025 2704 concite
1047 2641 1210 2704 currentes

395 2745 446 2809 Ad
468 2747 708 2809 monumentum
732 2744 875 2823 veniunt,
898 2747 931 2807 et
953 2741 1013 2808 hoo
1036 2743 1232 2809 invenientes

395 2849 561 2934 Apertum,
584 2851 689 2913 tamen
713 2847 837 2932 ingredi
860 2849 970 2913 statim
992 2869 1056 2913 non
1079 2847 1247 2927 audebant,

394 2953 455 3020 Sed
477 2951 648 3038 stupefacti
669 2953 747 3018 foris
770 2957 891 3018 stantes
913 2952 1185 3038 introspiciebant

395 3058 508 3124 Petrae
530 3057 631 3123 intrat
652 3061 684 3122 et
701 3055 881 3122 Johannem
903 3056 1023 3122 intrare
1045 3057 1274 3138 commonebat,

318 3183 370 3221 uu
396 3163 562 3241 Queaitum
584 3183 699 3248 eorpus
720 3161 840 3230 domiui
863 3183 925 3228 non
949 3161 1140 3228 inveniebat.

395 3267 536 3334 Tantum
557 3267 743 3334 linteamina
764 3267 869 3354 posita
890 3267 1040 3334 uiderunt

396 3373 440 3438 Et
462 3373 576 3459 eapitis
598 3373 772 3452 sudarium,
793 3372 955 3438 sublatum
977 3371 1178 3438 erediderunt

395 3479 578 3558 Dominum,
602 3483 634 3544 et
656 3481 805 3544 exeuntes
827 3477 867 3542 ad
889 3497 922 3543 oe
944 3477 1211 3569 revertebantur,â¸

396 3583 488 3662 Quod
510 3584 625 3670 aliquis
648 3583 817 3650 abstulerit
837 3581 923 3648 hune
944 3583 1198 3668 suspicabuntur.

242 3903 347 3992 Quod
384 3903 558 3980 dominae
592 3901 767 4000 apparuit
793 3901 911 3978 Morio
938 3901 1158 4000 Megdelene
1191 3901 1229 3976 in
1263 3903 1386 3976 horto.
1504 3893 1505 3900 '

319 4133 371 4170 uu
398 4111 459 4180 Sed
481 4111 673 4200 Magdalena
695 4113 789 4182 rediit
811 4113 851 4180 ad
873 4118 1113 4182 monumentum
1136 4111 1274 4199 plorans,

397 4217 479 4294 Quid
501 4220 539 4285 de
561 4239 618 4285 suo
641 4221 769 4286 domino
790 4219 911 4286 facturn
932 4220 976 4285 ait
998 4221 1161 4306 ignorans,

397 4321 441 4388 ut
463 4345 535 4390 oum
557 4325 645 4392 forae
667 4327 907 4394 monumentum
929 4325 1077 4392 eiulando
1099 4328 1209 4404 staret,

398 4425 506 4526 Atque
528 4451 642 4516 eorpus
663 4431 784 4496 domini
806 4429 966 4495 sublatum
990 4429 1178 4518 deploraret,
