3034 4922
772 373 836 438 252
915 373 927 405 ⁸

389 548 601 615 Occurrerunt
622 551 719 616 etiam
741 553 827 616 cetus
850 549 1087 636 prophetarum,

310 675 362 712 ποῦ
390 655 525 720 Mariam
546 659 583 720 ut
604 657 799 742 susciperent
821 661 853 721 et
875 655 1137 742 patriarcharum.

388 759 440 825 Sic
462 760 503 825 ab
524 761 680 826 universis
702 761 820 826 sanctis
843 759 1014 845 suscipitur
1035 758 1140 825 Maria

388 863 426 930 In
449 866 690 933 iubilationibus
713 870 745 933 et
766 866 868 932 laudis
891 865 1073 952 hymnodia

264 1183 367 1268 Quod
397 1183 517 1256 Maria
544 1179 746 1275 suscipitur
772 1205 796 1255 a
821 1181 942 1276 primo
969 1179 1082 1254 choro
1110 1179 1343 1274 angelorum.

391 1391 571 1458 Ascendsns
594 1412 670 1476 ergo
693 1391 898 1475 pertransivit
919 1390 1023 1455 Maria
1044 1389 1182 1474 primum
1203 1386 1347 1468 chorum

390 1498 452 1575 Qui
475 1501 605 1562 vocatus
627 1495 731 1561 estin
753 1497 871 1560 sanctis
892 1494 1058 1580 scripturis
1083 1493 1321 1579 »angelorum«.

316 1623 366 1661 uano
394 1601 485 1667 Illius
507 1601 597 1678 chori
619 1601 749 1686 spiritus
772 1623 880 1666 omnes
903 1605 1118 1666 convenerunt

390 1707 438 1773 Ac
460 1708 521 1792 ipsi
544 1707 749 1794 singulariter
770 1705 906 1772 Mariam
928 1709 1150 1791 susceperunt3

391 1814 512 1882 Laudes
535 1817 630 1898 atque
651 1813 776 1878 cantica
799 1813 860 1877 sibi
885 1811 1096 1878 decantabant

391 1919 437 1984 nt
458 1941 530 1984 cum
552 1918 662 1984 multis
685 1919 815 1984 vocibus
838 1919 976 1984 dicantes
999 1916 1209 1983 resonabant:

393 2024 615 2110 »Progredere
639 2024 837 2110 progredere,
861 2023 999 2089 celorum
1020 2021 1216 2106 imperatrix,

314 2149 366 2188 rua
394 2131 591 2216 Angelorum
614 2133 647 2195 et
667 2129 834 2194 hominum
855 2133 888 2194 et
910 2128 960 2194 dei
981 2127 1159 2192 mediatrix.

391 2234 443 2302 Ad
465 2241 557 2302 tuum
579 2235 780 2320 unigenitum
803 2233 906 2299 filium
928 2231 1068 2312 ascende,

392 2341 443 2406 Ad
467 2341 663 2426 regnandum
686 2345 722 2405 tu
744 2341 913 2425 procedens
936 2337 1071 2404 feliciter
1092 2337 1239 2404 intende!

392 2446 441 2512 Tu
465 2470 498 2512 es
520 2451 630 2511 nostra
651 2445 765 2532 gloria,
788 2449 824 2510 tu
847 2443 966 2509 iubilus
988 2443 1128 2521 bonoria,

393 2553 443 2618 Tu
465 2557 609 2618 nostrum
632 2551 829 2630 desiderium,
854 2555 888 2616 tu
910 2551 1068 2616 canticum
1090 2547 1216 2627 amoris,

315 2678 366 2715 ruo
393 2659 443 2723 Tu
465 2659 641 2725 seculorum
663 2659 800 2738 domina,
823 2659 961 2723 celorum
984 2638 1022 2722 td
1043 2657 1171 2742 regina3

393 2764 454 2829 Per
476 2769 508 2829 te
530 2770 638 2831 noster
661 2769 855 2832 restauretur
878 2767 926 2829 est
947 2762 1056 2846 lapsus
1079 2764 1111 2827 et
1132 2761 1233 2825 ruina.

395 2869 462 2933 Nus
486 2870 524 2934 ad
547 2873 579 2934 te
602 2891 674 2934 cum
696 2891 790 2953 super
812 2872 930 2933 terram
953 2890 972 2932 a
994 2867 1051 2931 deo
1072 2866 1281 2947 mitteremur,

298 3035 300 3040 .
394 2973 440 3041 Ut
462 2976 496 3039 in
518 2979 628 3040 sancto
651 2975 766 3058 spiritu
787 2978 819 3039 te
841 2973 1083 3039 consolaremur.

394 3079 570 3145 Prudenter
592 3085 625 3145 et
646 3079 810 3145 humiliter
831 3084 868 3143 tu
890 3078 1058 3143 obedivisti

317 3202 367 3240 ⁷⁶1⁶
395 3187 439 3250 Et
460 3185 577 3250 nostris
600 3185 800 3250 suasionibus
822 3185 1042 3267 obtemperans
1065 3181 1165 3247 fuisti.

394 3289 550 3356 Omnibus
573 3288 754 3355 hominibus
776 3293 808 3354 te
830 3287 1031 3353 humiliorem

395 3394 526 3480 Semper
549 3417 607 3460 nos
629 3393 806 3459 invenimus
830 3397 862 3457 et
884 3393 1108 3457 discretiorem.

395 3497 511 3565 Omnes
534 3503 605 3565 tuas
628 3521 698 3564 cum
722 3499 856 3564 virtutes
879 3498 936 3563 deo
958 3497 1157 3576 referremus,

395 3607 547 3670 Attamen
570 3604 781 3670 humillimam
804 3611 836 3668 te
858 3603 926 3668 fore
948 3603 1130 3668 diceremus.

317 3730 368 3767 aa
395 3708 456 3774 Pre
478 3708 624 3774 omnibus
646 3708 829 3788 virtutibus,
853 3707 968 3792 quibus
991 3707 1174 3787 excellebas,

395 3813 445 3879 Ex
466 3815 648 3880 humilitate
670 3814 738 3880 sola
759 3814 831 3899 plns
853 3815 911 3878 deo
934 3813 1160 3898 complacebas.

394 3918 457 3984 Pro
479 3923 536 3984 tua
559 3943 633 3984 nam
654 3919 837 3984 hnmilitate
859 3919 935 3983 deus
957 3923 989 3984 te
1012 3917 1110 4005 elegit

396 4025 440 4088 nt
460 4025 565 4109 ipsum
587 4029 679 4089 tuum
700 4024 803 4088 filium
824 4023 882 4088 hec
905 4023 973 4088 lieri
997 4023 1110 4109 coegit.

397 4130 483 4216 ldrgo
506 4131 734 4217 benignissima
755 4129 944 4215 progredere
965 4129 1102 4194 letanter

804 4273 822 4313 a

240 4457 258 4511 b
310 4373 378 4425 7494
407 4373 462 4427 Vor
479 4372 565 4428 etiam
593 4375 664 4428 setat
683 4373 711 4426 Μ
729 4371 763 4427 ei.
870 4372 937 4426 7524
964 4375 1038 4428 stati
1056 4370 1258 4444 benignissima
1276 4371 1389 4427 liestG

259 4457 410 4514 satissime.
