3014 4926
767 323 829 392 114

295 511 299 516 '
378 495 423 562 Et
446 502 570 564 creator
592 499 735 564 omnium
757 520 829 564 cum
851 519 909 564 sua
932 501 1087 580 creatura,

376 603 459 682 Quia
480 603 573 688 virgo
595 589 770 670 creatorem
792 607 883 669 utero
905 603 1058 688 concepit,

379 707 514 776 Carnem
536 709 577 774 ab
600 709 661 776 hac
682 710 807 797 virgine
829 714 1015 795 creatorque
1039 710 1167 795 recepit,

317 837 321 848 ·
376 811 509 880 Carnem
532 813 615 879 hanc
637 813 845 878 mundissime
867 817 994 879 constat
1015 817 1198 879 naturatum

297 937 349 976 ³²⁸⁶
375 917 559 986 Purissimis
581 917 769 984 humoribus
791 919 1086 1004 complexionatam.

374 1023 495 1090 Tamen
517 1045 580 1089 non
604 1024 638 1088 in
661 1023 728 1088 filio
751 1023 802 1088 dci
823 1023 983 1109 generalis

373 1129 548 1196 Hominum
571 1129 748 1214 complexio
770 1128 819 1206 fit,
843 1129 897 1194 sed
919 1128 1091 1214 spiritalis3

375 1234 459 1302 Nam
482 1235 632 1320 quicquid
654 1233 689 1298 in
711 1233 900 1300 humoribus
922 1234 1145 1300 inveniebatur

373 1338 488 1406 Purius
510 1342 543 1406 et
567 1337 714 1403 mundius
736 1337 815 1402 illuc
837 1337 1013 1403 addebatur

300 1463 352 1501 arro
379 1443 430 1520 Ad
452 1465 566 1529 corpus
589 1443 825 1509 sanctissimum
847 1441 926 1509 Josu
948 1442 1008 1510 lilii
1030 1444 1091 1526 dei,

375 1547 466 1626 Quod
489 1572 527 1616 ex
550 1548 653 1615 Maria
675 1549 801 1634 virgine
823 1549 968 1614 iunctum
990 1548 1054 1614 fuit
1076 1551 1114 1616 ei.

376 1653 461 1720 Nam
483 1655 621 1721 calidum
643 1659 676 1720 et
697 1655 864 1720 humidum
887 1656 1019 1742 sanguis
1041 1655 1255 1738 ministrabat,

378 1759 556 1826 Humidum
577 1763 610 1825 et
631 1759 785 1846 frigidum
807 1759 925 1845 flegma
946 1760 1148 1844 propinabat,

378 1864 504 1932 Siocum
526 1870 622 1950 atque
643 1865 781 1931 calidum
802 1865 907 1931 colera
928 1865 1091 1950 prebebat,

304 1989 355 2029 aaa
382 1970 571 2038 Melancolia
592 1970 746 2056 frigidum
770 1974 803 2035 et
824 1970 941 2036 siccum
964 1970 1126 2042 offerebat.

378 2076 537 2142 Humores
559 2076 613 2140 isti
636 2079 773 2160 quatuor
795 2097 867 2140 cum
889 2079 975 2141 certa
997 2077 1178 2161 quantitate

379 2180 621 2248 Concordabant
643 2181 779 2246 invicem
800 2181 834 2246 in
857 2203 916 2246 sua
939 2182 1103 2266 qualitate,

377 2286 455 2353 Jesu
477 2287 527 2352 aui
549 2288 700 2356 creatoris
722 2308 837 2371 corpus
859 2287 1041 2372 irrigantes,

376 2392 421 2458 Et
443 2393 523 2457 illud
545 2391 579 2456 in
601 2392 722 2476 optimo
745 2395 832 2456 statu
855 2389 1056 2472 collocantes,

300 2517 351 2556 ⁸³⁰⁰
379 2496 426 2564 Ut
447 2499 493 2563 eis
515 2495 608 2562 Jesus
630 2496 745 2562 statuit
767 2496 814 2560 ita
836 2495 1068 2581 temperabant,

378 2600 418 2668 In
439 2601 509 2687 ipso
532 2623 605 2668 suas
627 2602 798 2686 qualitates
821 2606 854 2666 et
875 2623 990 2688 corpus
1012 2603 1251 2670 conservabant.

380 2706 417 2772 ln
439 2706 599 2792 frequenti
621 2708 758 2774 sanitate
779 2707 860 2772 nihil
884 2707 1107 2792 discrepantes,

380 2811 454 2878 Non
477 2834 549 2878 oum
571 2813 691 2878 morbis
713 2813 873 2898 aliquibus
893 2813 981 2878 huno
1001 2813 1273 2900 distemperantes.

379 2915 517 3004 Sanguis
540 2941 604 2986 non
627 2919 832 3004 computruit,
855 2939 913 2984 nec
934 2941 968 2984 se
989 2921 1221 3005 corrumpebat,

302 3041 354 3080 ⁸³⁰⁶
380 3022 549 3110 Morbique
571 3024 731 3090 molestias
753 3023 858 3088 nullas
880 3023 1060 3089 inducebat.

376 3126 454 3194 Non
476 3129 581 3214 ipsum
603 3128 679 3196 fecit
700 3129 844 3196 hebetem
868 3129 985 3214 flegma
1006 3151 1108 3214 neque
1131 3131 1262 3212 lentum,

379 3231 447 3299 Nec
470 3235 597 3320 pigrum
619 3257 677 3300 nec
699 3257 770 3301 cum
793 3235 901 3320 aliqua
922 3235 1115 3321 pinguedine
1137 3235 1322 3302 distentum.

380 3336 554 3424 Nunquam
577 3363 648 3406 eum
670 3341 775 3406 colera
796 3339 874 3405 fecit
895 3339 1092 3420 iracundum,

380 3442 555 3510 Versntum
577 3447 628 3512 vel
650 3446 831 3512 instabilem
854 3445 921 3510 sive
942 3443 1162 3512 furibundum.

304 3567 356 3606 ³⁸10
381 3547 571 3616 Melancolia
593 3573 657 3617 non
680 3549 756 3617 fecit
778 3549 863 3616 hunc
885 3550 1011 3616 tristem
1032 3551 1083 3617 vel
1105 3557 1257 3632 tenacem,

382 3653 530 3721 Invidum
553 3655 602 3721 vel
626 3655 769 3734 lividum,
792 3655 957 3721 timentem
979 3656 1031 3722 vel
1051 3655 1207 3724 fallacem.

383 3758 434 3826 sie
455 3761 605 3826 humores
627 3764 765 3845 quatuor
787 3781 851 3825 non
874 3765 966 3826 erant
987 3763 1186 3828 dominantes

382 3862 420 3929 ln
442 3863 521 3930 Jesu
543 3865 739 3949 corpusculo,
762 3865 816 3931 sed
839 3865 900 3932 sibi
923 3865 1124 3934 famulantes.

382 3966 579 4034 Resecabant
602 3969 709 4034 omnia
731 3969 892 4054 superflua
914 3975 1027 4036 nature

304 4091 355 4130 ³³¹⁶
382 4070 419 4137 In
443 4073 527 4138 bono
549 4077 636 4140 statu
659 4075 810 4140 creatoris
833 4097 946 4161 corpus
969 4077 1119 4160 positure.

456 4239 560 4326 Quod
587 4241 697 4316 Jesus
723 4265 917 4338 nunquam
945 4243 1144 4337 egrotavit.

381 4387 474 4456 Jesus
497 4411 660 4476 nunquam
682 4390 809 4478 languit
832 4391 882 4457 vel
904 4389 1127 4456 infirmabatur
