3014 4926
660 339 722 410 155

189 541 253 596 ⁴⁵⁰⁶,
271 523 316 590 Et
337 526 374 587 ut
396 521 443 586 ita
464 519 661 614 compleatur
682 519 841 603 scriptura
861 517 1116 603 prophetarum<

272 627 364 696 decus
386 630 493 694 autem
515 625 648 710 capitur,
673 623 818 689 manibus
840 623 970 709 ligatur,

271 730 368 798 Velut
390 732 472 797 latro
494 730 630 809 ducitur,
652 730 730 795 dure
751 728 953 802 verberatum

272 834 421 921 Golaphis
443 839 476 900 et
497 835 598 918 alapis
620 833 726 918 ipsum
748 833 936 911 ceciderunt,

271 939 444 1007 Trabentes
467 944 499 1005 et
520 940 683 1006 trudentes
705 938 791 1003 hunc
821 959 893 1004 cum
916 937 1030 1023 plausu
1053 935 1257 1001 deduxerunt.

191 1063 244 1102 ⁴⁵1⁰
271 1043 382 1111 Petrus
406 1049 443 1115 ut
464 1045 585 1112 videret
606 1044 709 1123 finem,
731 1043 827 1129 longe
849 1042 1050 1127 sequebatur,

270 1147 329 1216 Sed
352 1151 391 1218 ad
414 1152 542 1220 domum
564 1151 657 1218 Auno
679 1151 781 1237 primo
802 1148 895 1217 Jeeus
918 1148 1099 1220 ducebatur.

272 1389 373 1488 Quod
402 1391 513 1466 Jeeus
541 1389 707 1486 colaphis
735 1391 775 1462 et
802 1389 921 1486 alapis
949 1353 1106 1462 ceditur.
1240 1467 1245 1478 ,

275 1573 363 1660 Ignis
386 1577 463 1640 tunc
484 1574 519 1638 in
541 1573 623 1639 atrio
645 1593 812 1639 succensus
833 1569 1020 1637 habebatur.
1180 1640 1185 1650 ,

275 1679 326 1745 Ad
348 1679 435 1746 huno
455 1679 564 1764 ignem
585 1678 711 1743 vinctus
732 1677 825 1744 desua
847 1677 954 1743 sedere
975 1673 1156 1762 cogebatur.
1277 1660 1280 1670 ¹

272 1783 361 1850 Tunc
383 1784 485 1869 sputis
508 1789 541 1850 et
563 1783 745 1850 verberibus
768 1784 853 1848 huno
874 1781 985 1848 multis
1007 1780 1200 1860 afflixerunt,

196 1909 248 1948 rna
277 1889 480 1974 colaphiset
502 1890 602 1975 alapis
625 1889 729 1974 ipsum
751 1889 943 1954 cediderunt.

273 1993 444 2079 Exapuunt
465 1995 499 2059 in
522 1995 635 2060 faciem
656 1994 789 2060 barbam
811 1993 990 2072 evellentes,

271 2098 551 2184 Blaspbemabant‚
575 2099 815 2165 subsannabant
836 2098 911 2163 huic
933 2097 1111 2162 illudentes.

275 2201 390 2270 Oculos
411 2208 444 2272 et
465 2205 591 2270 vultum
612 2206 680 2270 eius
701 2204 763 2290 ipsi
784 2207 861 2268 tuuc
882 2203 1041 2282 velabant,

272 2309 322 2376 Ad
344 2309 460 2376 collum
485 2315 517 2376 et
538 2311 573 2376 in
594 2309 707 2376 faciem
729 2311 833 2394 ipsum
856 2307 1074 2373 verberabant.

193 2431 246 2473 csso
273 2413 492 2500 »Prophetiaa
515 2416 586 2501 quis
607 2419 640 2480 te
662 2437 746 2480 nuno
768 2413 973 2504 percusserit«
1000 2411 1182 2488 clamantes,

270 2517 420 2586 Plurimis
443 2521 620 2604 opprobriis
641 2521 675 2586 in
698 2541 769 2586 aum
792 2518 1055 2604 blasphemantes.

270 2623 321 2689 Ad
343 2623 452 2690 Jesum
475 2625 521 2690 ait
542 2625 703 2710 pontifex:
731 2624 809 2690 »Dic
830 2625 922 2690 nobis
944 2625 982 2689 de
1004 2622 1148 2688 doctrina

271 2728 341 2796 'lna
362 2729 412 2796 vel
435 2729 660 2814 discipulorum
681 2733 810 2794 tuorum
832 2728 1028 2813 disciplina«

271 2833 476 2920 Respondons
498 2834 640 2919 pontifici
662 2831 754 2899 Jesua
777 2834 841 2899 ait:
866 2832 1005 2909 ›Queras
1032 2863 1034 2869 ⁴

196 2958 248 2997 ιω
275 2940 326 3005 Ab
348 2939 398 3005 his
421 2938 477 3024 qui
499 2939 668 3005 audierunt
688 2937 780 3020 hanc,
803 2939 850 3004 ibi
871 2939 899 3003 si
920 2960 986 3006 non
1008 2959 1089 3016 eras,

271 3043 351 3120 Quia
373 3062 444 3110 mea
466 3043 610 3110 doctrina
630 3065 694 3109 non
717 3045 821 3109 luerat
843 3044 975 3124 occulta,

271 3149 315 3216 Et
336 3171 406 3216 mea
427 3148 521 3234 signa
543 3148 711 3214 manifesta
733 3149 861 3214 inerunt
883 3153 980 3234 atque
1001 3147 1112 3225 multa,

270 3251 309 3320 In
330 3253 515 3341 synagogiis
537 3257 570 3320 et
590 3255 624 3330 in
645 3255 763 3340 templo
786 3255 938 3340 loquebar
959 3252 1136 3332 manifeste,

270 3358 425 3426 Mundum
447 3359 553 3444 pdam
573 3360 674 3440 docui,
698 3365 766 3425 tota
788 3361 884 3426 turba
905 3364 1016 3426 teste<

196 3481 246 3522 ’πο
271 3463 361 3530 Tunc
382 3487 465 3530 unns
487 3487 525 3530 ex
548 3465 726 3531 astantibus
748 3466 842 3550 alapa
863 3465 994 3531 cedebat

270 3569 401 3636 Dulcem
424 3569 534 3636 Jesum
557 3573 589 3636 et
611 3571 639 3636 si
662 3571 770 3637 taliter
792 3569 932 3639 dicebat:

274 3672 472 3759 »Respondes
495 3675 539 3742 sic
561 3677 750 3761 pontificii«
796 3675 889 3742 Jeaus
912 3677 973 3740 ait:
999 3675 1122 3751 »Quare

272 3777 319 3848 Tu
342 3781 507 3860 procedis,
530 3781 683 3867 numquid
705 3785 741 3847 tu
764 3782 882 3866 poteris
905 3781 1049 3867 probare,

271 3881 360 3959 Quod
383 3885 466 3952 male
487 3887 609 3952 locutus
632 3887 702 3966 sim,
726 3887 764 3952 de
785 3885 870 3952 malo
893 3890 929 3951 tu
951 3887 1086 3964 testare3

140 4057 144 4065 ,
200 4005 248 4044 ⁴⁶⁸⁶
274 3987 307 4054 Si
331 3989 409 4055 bene
433 3991 555 4076 loquor,
578 4013 676 4076 quare
698 3995 733 4056 tu
757 3991 884 4056 volebas
907 3989 1115 4058 verberarer«

474 4225 527 4298 De
552 4225 752 4318 negatione
778 4224 893 4296 Petri.

275 4403 437 4492 Ingressus
459 4405 572 4477 Petrus
594 4410 711 4476 atrium
734 4407 774 4478 cd
796 4409 965 4502 ignemque
986 4407 1123 4495 sedebat,
