3072 4936
777 351 840 416 114

235 525 359 590 nobiles
374 548 413 590 err
428 523 568 609 antiquis
585 521 741 590 derelictis
757 523 878 589 divitiis
893 523 1069 611 glorianter
1086 524 1207 592 vivunt.
1246 524 1384 601 Quidam

236 615 309 696 iero
332 630 365 695 in
389 652 426 696 eo
449 629 559 694 ordine
581 635 656 694 sunt
671 633 870 708 mercatores,
894 631 1023 714 quidem
1046 630 1222 696 minoribus
1245 630 1386 715 negotiis

236 734 398 799 insistunt.
446 735 493 799 De
509 734 655 798 omnibus
672 733 803 798 familiis
819 735 907 800 illins
923 735 1043 800 ordinis
1058 735 1266 820 singulariter
1281 735 1386 799 dicere

235 844 316 904 esset
340 839 435 904 nimis
457 839 606 925 longum,
638 840 713 923 quis
736 843 811 904 sunt
833 840 951 906 multae.
997 841 1071 906 Ideo
1103 844 1229 906 tantum
1258 839 1387 925 aliquas

236 946 417 1024 nominabo,
441 966 512 1028 quae
535 943 627 1028 quasi
648 943 854 1028 aequipollent
876 945 989 1032 tertiis.

343 1171 398 1236 De
419 1171 663 1256 quibusdam
686 1171 893 1236 familiis¹
917 1173 1070 1256 (quarti
1094 1172 1275 1254 ordinis).

720 1309 903 1377 Ulmer².

323 1468 583 1536 Ulmerensinrn³
608 1467 731 1534 familia
746 1467 832 1534 dicta
846 1465 957 1532 Ulmar
972 1467 1131 1532 communi
1153 1467 1308 1534 relatione
1331 1491 1387 1534 ve·

234 1575 413 1640 tustissima
435 1597 501 1639 esse
524 1573 731 1659 praedicatur,
764 1595 869 1658 aqua
891 1572 987 1638 etiam
1010 1574 1096 1638 vicus
1120 1573 1248 1658 qnidam
1267 1573 1388 1640 dicitur

235 1680 322 1746 ricus
350 1679 616 1746 Ulmetensium
663 1678 723 1744 Sed
756 1677 913 1762 quomodo
942 1677 1010 1742 haec
1040 1675 1165 1744 familia
1195 1679 1311 1762 adepta
1343 1678 1388 1743 sit

235 1807 349 1850 nomen
373 1785 512 1851 civitatis
535 1783 702 1861 ulmensis,
735 1781 852 1847 diversi
875 1783 998 1846 diversa
1021 1782 1202 1866 opinantur.
1248 1781 1387 1858 Quidam

236 1892 360 1972 dicunt,
393 1891 594 1957 Ulmerenses
618 1888 736 1973 primos
764 1885 863 1952 fuisse
886 1886 969 1951 villae
1002 1886 1152 1951 ulmensis
1175 1886 1385 1952 habitatores.

236 1995 303 2060 Alii
320 1997 438 2074 dicunt,
462 2016 514 2058 eos
530 1992 679 2058 habuisse
702 1992 779 2058 olim
801 1992 942 2078 regimen
961 1991 1079 2077 oppidi,
1103 1997 1136 2056 et
1157 1991 1249 2076 quasi
1264 1992 1388 2057 domini

236 2101 335 2186 ipsius
368 2101 525 2186 reputati,
555 2097 728 2182 Ulmerque
761 2098 877 2163 idcirco
908 2103 1116 2182 nuncupatos.
1164 2095 1230 2160 Alii
1264 2096 1387 2176 dicunt,

237 2206 320 2290 qnod
345 2205 420 2270 olim
443 2206 681 2288 emigraverunt
711 2204 751 2270 ab
774 2203 872 2270 Ulnra
901 2205 940 2269 ad
965 2205 1028 2268 alia
1050 2205 1136 2283 loca,
1161 2209 1193 2268 ct
1214 2203 1248 2267 in
1272 2204 1388 2269 alienis

236 2311 314 2374 locis
336 2333 449 2374 nomen
466 2331 529 2374 suae
545 2310 684 2375 civitatis
700 2309 906 2376 obtinuerunt
921 2311 1045 2394 perdito
1067 2332 1124 2374 suo
1139 2309 1278 2387 nomine,
1301 2311 1389 2376 sicut

236 2416 445 2480 communiter
476 2414 654 2500 contingit,
687 2413 814 2499 quando
846 2414 962 2498 aliquis
996 2415 1034 2479 de
1064 2415 1134 2478 loco
1162 2413 1201 2478 ad
1224 2414 1330 2478 locum
1354 2437 1389 2481 se

236 2519 404 2600 transfert,
437 2522 519 2605 quod
544 2521 671 2584 nomine
695 2521 809 2604 prioris
839 2521 900 2586 loci
930 2526 1062 2586 vocatur
1092 2520 1141 2586 vel
1168 2520 1299 2584 nomine
1321 2541 1388 2584 suae

236 2625 341 2710 gentis
365 2629 421 2689 aut
437 2629 544 2702 terrae3
569 2627 644 2690 dum
658 2625 762 2690 autem
787 2626 883 2713 longo
907 2633 1048 2711 tempore
1071 2631 1162 2692 extra
1178 2623 1308 2691 Ulmam
1331 2626 1388 2690 de·

235 2731 358 2816 gissent
379 2737 411 2797 et
434 2731 526 2796 ditati
543 2731 689 2811 fuissent,
713 2733 838 2797 demum
856 2730 984 2796 Ulmam
1006 2732 1167 2796 redierunt
1188 2751 1260 2794 cum
1282 2731 1388 2796 multa

236 2836 425 2914 substantia,
450 2841 481 2901 et
504 2836 537 2900 in
554 2837 684 2901 tertium
707 2837 848 2902 ordinem
867 2837 983 2902 civium
1006 2841 1160 2901 venerunt
1174 2835 1278 2900 habiti
1301 2835 1388 2901 inter

236 2941 354 3026 primos
377 2941 555 3026 optimates.
602 2941 679 3006 Post
707 2941 768 3006 hnc
797 2946 868 3006 orta
896 2942 958 3007 luit
980 2944 1089 3028 gravis
1112 2942 1225 3008 seditio
1247 2941 1279 3004 in
1306 2941 1386 3006 ciri·

228 3051 312 3125 tate,
337 3046 368 3109 in
399 3069 462 3130 qua
485 3047 561 3112 ordo
585 3047 704 3130 politiae
728 3069 816 3131 paene
831 3047 1004 3112 dissolutus
1024 3054 1081 3127 est,
1105 3047 1246 3113 etmulti
1270 3045 1387 3112 divites

236 3171 390 3236 pauperes
405 3150 483 3215 facti
499 3156 530 3217 et
545 3174 562 3215 e
579 3153 748 3216 contrario.
795 3151 882 3218 Inter
897 3153 955 3218 lros
977 3177 1040 3218 non
1055 3177 1169 3238 parum
1184 3153 1387 3220 Ulmerenses

236 3255 386 3322 diminuti
403 3259 487 3320 sunt
534 3255 646 3340 ltaque
662 3264 803 3322 cessante
819 3258 1021 3342 quassatione
1036 3259 1070 3322 in
1079 3257 1269 3324 zunftalium
1286 3261 1387 3324 socie·

238 3367 338 3426 tatem
361 3361 603 3440 descenderunt,
633 3359 667 3424 in
697 3382 759 3446 qua
788 3361 882 3427 hodie
912 3368 987 3428 sunt
1017 3364 1143 3428 honesti
1172 3369 1203 3429 et
1225 3364 1386 3428 honorati.

236 3465 394 3533 Nonnulli
417 3465 593 3544 aestimant,
622 3488 674 3530 eos
697 3467 729 3529 in
753 3465 851 3532 Ulma
874 3467 1074 3534 Ulmerenses
1098 3469 1279 3534 nominatos
1302 3471 1387 3533 anti·

236 3572 344 3657 quitus
381 3576 510 3656 propter
547 3571 672 3635 fidelem
707 3570 889 3655 reipublicae
925 3572 1144 3639 intentionem.
1196 3572 1282 3639 Nam
1315 3573 1388 3638 illos

235 3677 379 3742 homines
389 3681 620 3741 consueverunt
629 3675 792 3741 nominare
800 3677 981 3742 nominibus
990 3678 1157 3743 civitatum
1167 3683 1223 3742 aut
1232 3678 1385 3757 locorum,

236 3783 275 3846 ad
298 3804 368 3866 quae
391 3803 444 3846 eos
466 3804 617 3866 magnum
634 3781 782 3847 affectum
804 3782 921 3848 habere
943 3783 1139 3872 intelligunt.
1185 3783 1262 3850 Vidi
1286 3785 1384 3849 etiarn

240 3887 273 3950 in
291 3885 362 3951 aliis
385 3885 462 3950 locis
478 3886 573 3950 huius
589 3887 726 3952 nominis
742 3886 854 3953 Ulmer
876 3888 1021 3954 homines
1036 3889 1150 3954 divites
1165 3889 1249 3954 inter
1263 3885 1388 3955 nobiles

309 4169 321 4220 l
343 4167 381 4222 De
399 4165 565 4237 quibusdam
586 4167 702 4222 familiis
721 4167 819 4224 Schad.
839 4168 960 4224 Schmid.
980 4169 1212 4226 Kl.wib1.n10n.
1230 4171 1254 4224 2.
1310 4173 1327 4224 2
1347 4171 1387 4226 De

238 4253 450 4310 honorabilibus
468 4253 635 4322 quibusdam
655 4255 771 4310 familiis
790 4255 964 4310 Vlmansium
982 4255 1011 4310 in
1031 4257 1126 4326 specie.
1145 4255 1214 4313 Gols.
1233 4257 1306 4313 Bess.
1369 4260 1386 4312 3

239 4339 446 4396 Vlmerensibns
465 4341 532 4397 Gok.
554 4342 624 4396 Boas.
665 4342 773 4409 Vlmer,
798 4343 841 4396 vel
866 4343 901 4398 de
926 4343 1135 4400 Vlmarensibus
1153 4346 1246 4400 omitt.
1266 4347 1340 4404 Mon.
1362 4350 1386 4401 2.

239 4428 334 4482 Vlmer
352 4429 403 4482 bat
422 4429 520 4484 Schad.
540 4429 659 4485 Schmid.
680 4430 764 4484 Wibl.
786 4430 827 4483 lil.
898 4433 916 4484 4
936 4431 1004 4486 noch
1025 4432 1107 4486 haute
1128 4431 1315 4503 Ulmergasse.
