3060 4936
797 370 858 438 196

147 541 345 622 uff‘lacursu
374 551 522 612 causatur
552 548 666 632 ingens
699 548 840 625 sonitus,
873 548 905 611 in
938 569 1002 632 quo
1034 549 1176 613 omnium
1208 550 1404 614 musicorum

252 656 380 718 resonat
394 653 540 717 melodia.
565 652 598 716 in
615 651 727 716 iisdem
744 653 841 717 etiarn
856 651 934 718 locis
950 653 1067 718 dicitur
1082 677 1149 719 esse
1164 655 1293 738 quidam
1311 677 1402 719 mons

252 757 286 822 in
310 779 373 842 qno
396 758 544 842 frequens
567 757 697 822 auditur
719 757 901 823 resonantia
923 759 1067 844 quadam
1096 760 1279 824 dulcissima
1313 759 1404 846 quasi

252 863 463 927 humanarum
481 885 593 928 vocum
609 864 642 928 in
659 864 905 948 figurationibus
922 869 1017 929 cantu
1034 865 1273 930 colludentium.
1312 865 1404 930 Hauc

253 973 359 1034 autem
388 969 602 1032 resonantiam
636 991 674 1034 ex
697 991 852 1054 aquarum
883 991 1036 1035 concursu
1071 969 1105 1034 in
1135 971 1233 1054 petris
1263 970 1352 1034 cavis
1374 973 1404 1034 et

253 1073 375 1138 sonoris
397 1073 430 1138 in
446 1072 662 1157 penetralibus
678 1074 796 1140 montis
812 1075 935 1140 causari
950 1075 1081 1140 minime
1097 1074 1217 1140 dubito.
1268 1075 1403 1159 Antiqui

253 1183 358 1244 autem
398 1179 575 1244 huiusmodi
615 1179 738 1244 causari
765 1202 803 1243 ex
833 1177 1056 1264 Nympharum
1087 1181 1230 1245 dearum.
1249 1203 1406 1265 aquenum

253 1291 407 1350 concentu
437 1284 526 1350 miris
560 1283 683 1348 fictitiis
715 1284 913 1364 asserebant,
945 1284 1028 1348 sicut
1059 1289 1092 1348 et
1124 1281 1308 1369 eruptiones
1332 1285 1405 1350 fon-

252 1391 333 1454 tium
357 1390 401 1454 eis
426 1389 634 1454 ascribebant.
660 1411 757 1473 quare
782 1390 873 1454 iuxta
898 1389 1079 1473 eruptiones
1100 1411 1256 1474 aquarum
1282 1391 1405 1476 templa

253 1493 413 1580 Nymphis
429 1499 553 1560 sacrata
568 1493 739 1572 habebant,
756 1496 788 1558 in
808 1494 923 1579 quibus
941 1495 1069 1559 oracula
1080 1517 1189 1560 aarum
1204 1496 1407 1561 consulentes

254 1599 347 1684 plura
369 1599 615 1686 investigabant.
663 1599 714 1666 Sic
736 1601 833 1665 etiam
856 1601 946 1666 iuxta
976 1605 1008 1664 et
1041 1623 1138 1686 supra
1170 1601 1332 1665 montium
1355 1622 1407 1665 ca·

254 1727 367 1770 vernas
390 1709 423 1769 et
443 1709 536 1769 terrae
559 1705 710 1770 scissuras
744 1703 872 1770 oracula
894 1705 1074 1783 habebant,
1104 1706 1144 1770 ad
1176 1705 1408 1770 consulendum

254 1809 531 1895 Demogorgonem
544 1808 601 1896 [Pl.
636 1809 715 1875 (lum
732 1814 838 1874 autem
853 1814 976 1874 creator
990 1809 1102 1874 mundi
1117 1809 1297 1874 districtum
1313 1810 1408 1874 illum

255 1921 287 1978 et
311 1915 467 2010 montium
490 1915 661 1999 angulum,
695 1937 733 1980 ex
756 1936 819 1999 quo
844 1915 976 1980 Blnuius
998 1914 1085 1992 fluit,
1116 1915 1195 1979 satis
1226 1916 1411 1980 mirabilem

255 2018 376 2098 fecerit,
400 2024 432 2084 et
454 2019 673 2084 habitudinem
696 2020 854 2084 montium
877 2020 1152 2086 cirumiacentium
1166 2020 1300 2086 insuetis
1318 2023 1410 2106 rupi·

256 2125 315 2188 bus
339 2129 371 2188 et
393 2124 535 2190 cavernis
559 2124 745 2208 repleverit,
771 2123 896 2210 antiqui
918 2125 1092 2190 nescientes
1116 2124 1219 2191 Deum
1253 2126 1311 2210 qui
1344 2127 1411 2191 haec

257 2229 334 2294 facit
357 2227 532 2309 mirabilia,
560 2229 626 2294 suis
647 2230 879 2314 multiplicibus
902 2230 1002 2295 delusi
1026 2230 1188 2297 erroribus
1219 2231 1280 2296 diis
1315 2233 1413 2296 attri-

257 2334 397 2399 buebant
418 2356 517 2419 eaque
541 2335 608 2400 loca
631 2335 675 2399 eis
691 2335 868 2402 sacrabant.
916 2333 1008 2401 Unde
1031 2336 1149 2400 intenti
1165 2337 1299 2419 poeticae
1317 2336 1411 2401 theo-

256 2439 349 2525 logiae
372 2440 610 2504 multitudinem
631 2445 807 2524 posuerunt
840 2441 979 2506 deorum.
1018 2440 1142 2525 aliquos
1164 2441 1314 2506 dicebant
1348 2463 1412 2506 cm·

256 2545 360 2622 lestes,
386 2548 422 2610 ut
445 2543 567 2611 Jovem.
606 2545 730 2630 aliquos
752 2551 931 2622 terrestres,
963 2549 999 2609 ut
1022 2545 1310 2630 Demogorgonem.
1351 2547 1409 2611 ali-

258 2671 337 2734 quos
360 2648 541 2728 infernales,
564 2656 602 2714 ut
625 2649 803 2716 Plutonem.
843 2651 994 2735 aliquos1
1018 2651 1154 2716 marium
1175 2656 1208 2716 et
1230 2651 1412 2730 fluminum,

258 2758 295 2818 ut
316 2753 515 2834 Dorideml,
551 2754 736 2839 Neptunum
771 2760 803 2820 et
835 2754 1004 2840 Nymphas
1032 2756 1099 2822 sive
1129 2755 1247 2822 Musas.
1287 2761 1322 2821 et
1356 2757 1413 2821 has

258 2857 426 2942 Nymphas
449 2859 728 2943 plurificaverunt,
752 2860 890 2926 dicentes
913 2862 1035 2946 aliquas
1058 2883 1125 2927 esse
1147 2861 1319 2948 Nymphm
1343 2885 1413 2928 ma-

259 2965 344 3028 rinas
368 2987 446 3048 quas
470 2963 617 3049 Nayades
651 2967 824 3044 vocabant,
856 2971 889 3031 et
910 2966 1078 3051 Nymphas
1101 2966 1240 3032 fontium
1262 2967 1414 3032 dicebant

258 3068 514 3154 Hamadryades,
545 3077 577 3135 et
605 3078 772 3156 puteorum
794 3071 962 3156 Nymphas
992 3072 1139 3136 dicebant
1161 3070 1410 3156 Naptayades⁵,

258 3197 441 3259 camporum
458 3175 625 3261 Nymphas
643 3176 672 3245 N
675 3178 769 3263 aydes
785 3179 807 3256 ⁴,
832 3176 990 3242 montium
1013 3175 1203 3242 Orehaiades
1219 3177 1241 3255 ⁶,
1258 3177 1413 3242 silvarum

259 3279 413 3364 Dryades,
437 3286 470 3346 et
492 3283 551 3346 hoc
573 3283 605 3344 in
629 3281 780 3366 generali.
827 3280 864 3344 ln
890 3280 1019 3365 speciali
1038 3285 1145 3346 autem
1165 3281 1413 3366 assignaverunt

261 3384 391 3449 cuilibet
414 3386 496 3450 fonti
520 3392 552 3451 et
574 3387 671 3450 fluvio
695 3387 857 3470 propriam
879 3385 1082 3470 Nympham,
1106 3391 1143 3450 ut
1165 3385 1306 3450 Castalio
1330 3385 1414 3450 fonti

189 3486 237 3520 '⁰¹⁰'
263 3489 433 3555 Castaliam
457 3490 641 3577 Nympham
665 3492 835 3571 dederunt,
868 3513 973 3575 aqua
1000 3495 1032 3556 et
1054 3512 1169 3556 nomen
1192 3491 1291 3556 habet
1316 3513 1414 3576 usque

260 3597 362 3662 hodie.
409 3597 480 3660 Tali
504 3603 610 3662 autem
642 3596 756 3662 fictitio
789 3619 854 3662 rem
887 3597 932 3662 sio
963 3596 1157 3661 colorabant.
1204 3595 1292 3661 Dum
1327 3595 1413 3680 Nep·

261 3705 358 3766 tonus
381 3702 544 3767 Medusam
576 3702 840 3787 speciosissimam
872 3703 906 3768 in
935 3701 1054 3786 templo
1078 3700 1216 3767 Palladis
1252 3702 1412 3780 violasset,

236 3827 300 3898 'ex
323 3807 378 3870 illo
401 3807 545 3892 concepit
572 3809 741 3874 concubitu
763 3808 937 3893 genuitque
953 3807 1119 3892 Pegasum,
1143 3807 1203 3872 hoc
1225 3811 1275 3872 est
1297 3830 1413 3894 equum

263 3911 402 3993 alatum,
434 3935 520 3978 aenea
551 3915 720 3981 habentem
754 3935 886 3994 cornua,
920 3919 953 3979 et
985 3914 1080 3998 pedes
1116 3915 1251 3994 ferreos,
1284 3915 1413 4002 igneum

830 4007 847 4045 ss

337 4091 349 4141 l
369 4086 528 4156 aliquorum
547 4087 655 4158 aliquos
675 4087 734 4142 Sch.
755 4087 800 4142 ΚΙ.
821 4087 893 4144 Mon.
916 4091 937 4142 l.
957 4085 1037 4143 sold.
1059 4090 1099 4144 ut.
1159 4089 1175 4140 2
1194 4087 1282 4154 Doris,
1305 4089 1414 4145 tochter

265 4173 312 4228 des
331 4173 455 4229 Oceanus
473 4175 531 4230 und
550 4175 599 4231 der
617 4176 722 4242 Thetis,
741 4176 822 4231 hatte
841 4177 875 4231 50
890 4175 1007 4239 tbchter‚
1026 4173 1071 4228 die
1083 4173 1230 4230 Nereides.
1304 4177 1321 4230 3
1340 4173 1413 4230 viell.

264 4281 299 4308 =
321 4259 444 4330 Napaeae
463 4263 544 4333 (νάπη
563 4263 655 4329 hdhla,
673 4265 779 4334 grotta)
798 4263 877 4331 Virg.
896 4262 997 4334 Georg.
1017 4267 1042 4328 l,
1061 4265 1121 4319 535.
1174 4265 1191 4318 4
1213 4263 1334 4334 Naydes
1353 4261 1414 4317 Sch.

266 4347 309 4405 Kl.
328 4349 413 4404 Wibl.
433 4352 491 4405 und
510 4351 600 4406 Scbm.
671 4353 687 4406 5
707 4351 885 4420 Orchayades
905 4351 965 4408 Sch.
985 4350 1030 4406 Kl.
1050 4351 1136 4406 Wibl.
1154 4351 1245 4406 Schm.
1272 4349 1355 4407 Gold.
1374 4351 1415 4405 ut.

265 4433 445 4506 Orchayades
464 4437 538 4494 Mon.
562 4441 583 4493 l.
604 4439 677 4496 wohl
697 4461 732 4487 =
750 4438 879 4496 Oreades.
