3080 4938
709 377 751 446 13

153 555 340 641 antiquitas,
363 579 437 622 nam
462 555 641 623 Gothorum
664 558 788 623 saevitia
809 562 952 643 tempore
966 556 1168 623 Constantini
1194 559 1303 646 magni

152 663 282 747 incepit,
305 663 361 748 qui
383 661 448 728 fuit
472 685 556 728 anno
577 663 699 729 domini
721 665 796 745 334,
818 663 852 728 in
880 685 944 749 qua
964 661 1146 750 Hulmerigi
1172 665 1303 751 dispersi
1365 713 1368 727 .

153 767 224 834 loca
246 767 310 833 alia
333 788 534 853 occupavere.

249 871 260 910 ¹
281 873 351 952 ¹Alii
372 873 500 940 initium
520 875 660 940 civitatis
682 875 834 941 ulmensis
855 875 900 940 sic
918 875 1028 942 dicunt
1047 897 1123 942 esse.
1169 876 1304 952 Quidam

153 978 271 1045 nobilis
294 981 433 1044 castrum
457 985 489 1046 et
512 981 664 1066 oppidum
685 982 802 1046 dicitur
823 981 973 1047 habuisse
997 981 1031 1046 in
1047 979 1138 1062 valle,
1163 1005 1235 1066 quae
1257 986 1305 1047 eet

153 1084 194 1149 ad
218 1084 301 1150 latus
325 1085 519 1151 occidentate
542 1086 659 1151 montis
682 1087 784 1151 sancti
807 1085 993 1164 Michaelis,
1027 1109 1099 1172 quae
1129 1087 1305 1174 vulgariter

155 1189 493 1277 dieiturKruogte12.
534 1192 587 1256 hic
609 1191 765 1277 proficisci
787 1191 896 1258 volens
919 1193 960 1258 ob
992 1213 1103 1258 causas
1137 1192 1177 1258 ad
1200 1196 1303 1258 traus-

154 1295 295 1362 marinas
317 1299 434 1381 partes,
459 1297 551 1364 alteri
567 1299 628 1364 sibi
645 1298 796 1364 familiari
811 1299 912 1364 nobili
928 1321 1037 1365 curam
1054 1301 1196 1364 omnium
1219 1299 1305 1364 dere·

153 1401 251 1486 liquit
273 1405 307 1466 et
327 1400 489 1487 profectus
512 1408 573 1482 est,
605 1403 721 1469 nobilis
744 1409 851 1470 autem
873 1425 982 1470 euram
1011 1404 1072 1470 sibi
1096 1405 1248 1470 creditam
1270 1405 1304 1469 in

153 1529 246 1572 suam
275 1508 433 1574 convertit
461 1507 658 1593 voluptatem
687 1513 720 1574 et
749 1513 817 1575 tam
849 1531 948 1575 uxore
978 1531 1074 1596 quam
1106 1508 1177 1574 aliis
1210 1511 1305 1582 rebus

154 1613 316 1700 peregrini
339 1614 456 1678 abusus
477 1613 664 1680 felicitatem
695 1615 843 1700 adeptam
877 1607 1107 1683 sibi'rctinere
1129 1615 1303 1701 cogitabat,
1347 1693 1349 1700 Α

153 1718 239 1784 unde
254 1719 466 1785 revenientcm
482 1741 540 1785 uec
554 1741 743 1807 cognoscere
758 1721 867 1788 volens
882 1743 940 1787 nec
954 1721 989 1786 in
1003 1743 1062 1787 sua
1080 1721 1302 1787 intromittere.

152 1821 240 1889 Exul
263 1827 371 1890 summ
395 1825 535 1891 collectis
559 1827 691 1892 armatis
721 1827 830 1892 amicis
858 1827 1019 1894 infidelem
1046 1831 1184 1894 tutorem
1221 1828 1306 1912 cepit

155 1934 189 1995 et
211 1929 309 2015 digna
338 1931 473 2015 peremit
502 1953 615 2015 poena,
643 1936 676 1997 et
697 1932 731 1997 in
754 1932 996 1999 detestationem
1018 1934 1101 1998 tanti
1124 1931 1250 1998 sceleris
1272 1934 1305 1998 in

153 2057 227 2101 eum
244 2035 402 2100 commissi
418 2037 558 2102 caurum
580 2041 612 2101 et
628 2037 779 2121 oppidum
801 2038 946 2103 funditus
968 2037 1143 2118 destruxit,
1176 2043 1208 2104 et
1231 2039 1307 2103 eub-

155 2140 232 2206 latis
262 2140 421 2226 lapidibus
459 2163 495 2206 ac
528 2143 614 2208 omni
654 2143 853 2224 substantia,
887 2145 994 2210 omnia
1026 2145 1060 2208 in
1087 2143 1193 2209 locum
1223 2145 1307 2210 inter

153 2245 340 2312 Danubium
363 2253 396 2312 et
419 2247 568 2313 Blauium
594 2249 762 2314 transtulit
791 2253 824 2314 et
852 2249 898 2314 ibi
928 2249 990 2314 sibi
1018 2253 1159 2316 castrum
1189 2271 1307 2314 novum

153 2357 189 2418 et
211 2353 362 2438 oppidum
392 2355 579 2418 construxit.
625 2352 719 2420 Hunc
740 2355 887 2419 nonnulli
910 2353 1101 2420 ulmensium
1123 2355 1308 2422 existimant

154 2459 254 2524 fuisse
276 2481 375 2524 unum
408 2460 446 2525 de
478 2460 666 2547 genealogia
688 2459 919 2542 Strdlinorum,
952 2483 1049 2547 quam
1075 2461 1249 2548 ingenuam
1271 2465 1304 2527 et

154 2565 404 2630 vetustissimam
428 2565 548 2645 dieunt,
571 2567 654 2631 sicut
675 2566 802 2650 patebit
823 2566 858 2631 in
880 2566 1085 2652 sequentibus
1101 2566 1125 2632 ³.

246 2669 310 2736 Alii
340 2669 451 2736 dicunt
479 2671 630 2756 oppidum
658 2669 735 2737 Ulm
770 2695 789 2737 a
822 2671 1027 2737 nobilissimis
1061 2671 1235 2738 baronibus
1268 2673 1306 2738 de

155 2774 405 2862 Klingenberg‘
428 2776 655 2858 constitutum,
691 2777 746 2862 qui
768 2777 846 2841 olim
868 2777 902 2841 in
925 2776 1072 2842 omnibus
1094 2776 1162 2842 fere
1184 2775 1307 2842 Sueviae

154 2881 303 2966 partibus
326 2881 442 2966 oppida
465 2887 498 2946 et
520 2887 624 2947 castra
647 2903 683 2946 ao
705 2881 899 2947 monasteria
921 2885 1183 2962 construxerunt,
1207 2883 1305 2948 relin·
1350 2891 1352 2898 '

156 2991 290 3072 quentcs
314 2986 348 3050 in
371 2987 562 3052 constructis
584 2985 692 3071 aliqua
714 2985 808 3069 signa
830 2986 880 3051 vel
903 2987 953 3051 sui
975 2987 1112 3052 nominis
1136 2986 1186 3053 vel
1201 3009 1307 3052 armo·

155 3114 239 3172 rum,
261 3095 299 3157 ut
321 3093 472 3177 oppidum
495 3091 671 3178 Klingnaw
693 3091 734 3156 ab
757 3091 801 3158 eis
824 3095 1041 3156 constructum
1064 3091 1104 3156 ab
1126 3091 1172 3156 eis
1191 3113 1307 3156 nomen

155 3197 266 3277 habet,
289 3201 323 3262 et
343 3201 484 3262 castrum
507 3197 649 3282 Klingen
671 3201 704 3262 et
726 3201 867 3262 castrum
890 3197 1108 3283 Klingaberg,
1143 3201 1175 3262 et
1197 3219 1309 3261 mona·

154 3303 290 3370 starium
311 3303 345 3366 in
360 3303 479 3368 minori
495 3301 621 3368 Basilea
636 3302 835 3388 Klingental,
859 3306 892 3367 et
907 3306 1046 3367 castrum
1061 3324 1160 3387 prope
1177 3299 1307 3367 Ulmam

155 3409 403 3495 Kliugsnstein‚
435 3429 540 3492 aquo
563 3405 692 3473 Ulmum
715 3408 843 3473 initium
866 3409 1038 3493 sumpsisse
1061 3412 1229 3473 autumant
1252 3429 1308 3492 per

156 3515 282 3582 nobiles
305 3515 343 3580 de
365 3513 588 3600 Klingeoberg
610 3515 643 3578 in
668 3535 704 3580 eo
728 3517 900 3580 manentes.
946 3511 984 3578 In
1007 3513 1096 3578 cuius
1121 3514 1166 3578 rei
1181 3513 1309 3598 signum

159 3621 273 3686 dicunt
295 3641 348 3686 eos
371 3617 576 3686 Ulmensibus
604 3619 725 3685 dedhse
756 3641 813 3685 sua
835 3619 988 3704 insignia:
1018 3639 1123 3700 arma,
1157 3617 1309 3683 vexillum

722 3763 740 3803 41

229 3849 241 3900 l
263 3845 366 3915 Incipit
387 3843 538 3900 Tractatus
561 3843 683 3899 Ultimus
705 3843 740 3900 de
763 3843 880 3900 civitate
904 3843 1025 3899 ulmensi
1050 3843 1085 3900 de
1108 3843 1166 3899 eius
1189 3845 1306 3914 origine.

159 3934 281 4001 Quidam
292 3932 406 3988 initium
425 3973 432 3988 .
453 3973 459 3986 .
477 3931 603 4002 solangt
612 3931 814 3988 dishandschr.
833 3929 971 3987 Wollaibs
985 3947 1029 3985 an.
1066 3933 1082 3985 2
1100 3931 1191 4003 krucg
1202 3929 1309 4003 (hrdg)-

161 4023 223 4078 thal
237 4020 338 4078 Schad.
356 4021 449 4076 Sohar.
460 4021 503 4076 Kl.
520 4020 569 4076 Eh.
596 4020 752 4090 hruegtbal
768 4018 853 4074 Wibl.
884 4017 1026 4088 Krugthnl
1045 4018 1113 4076 Golr.
1133 4018 1216 4076 Woll.
1236 4019 1309 4076 Besa.

158 4113 176 4168 3
197 4111 261 4166 Vcn
279 4109 334 4164 deu
352 4107 459 4164 strclin
476 4125 497 4165 s.
509 4107 662 4180 priuc'lV.
681 4125 702 4163 c.
723 4109 748 4162 3.
784 4106 841 4162 Das
858 4107 989 4178 fulgenda
1008 4107 1080 4162 fehlt
1098 4105 1143 4162 bei
1162 4108 1249 4166 Woll.
1268 4107 1310 4162 bis

159 4197 303 4254 »Tertium
328 4195 440 4268 signum
466 4196 618 4252 vetustatis
637 4235 644 4250 .
663 4235 670 4252 .
690 4217 713 4250 ,ι
733 4214 754 4252 s.
774 4196 815 4252 16.
905 4197 920 4250 4
939 4193 1038 4251 Schad.
1064 4199 1135 4252 setzt
1154 4215 1200 4251 am
1223 4195 1311 4251 raude

159 4285 219 4342 bei:
250 4283 348 4340 malim
368 4283 505 4354 Klingen,
532 4303 598 4340 nam
619 4281 830 4352 Kliugenbergii
850 4298 994 4351 nunquam
1008 4282 1044 4336 ad
1063 4283 1200 4340 baronum
1219 4281 1310 4352 digni-

159 4375 250 4428 tatem
262 4387 429 4444 pervenere;
452 4371 530 4426 culus
545 4371 661 4426 familia
678 4371 781 4424 ultima
801 4371 893 4426 adhuc
909 4373 1035 4440 superest
1052 4387 1121 4427 uxor
1139 4369 1263 4442 Philippi
1276 4369 1311 4426 de

161 4459 328 4527 Remorum,
347 4458 596 4527 mihiamioiuimi,
615 4457 658 4518 cui
671 4461 773 4516 multos
792 4458 893 4516 liberos
911 4457 1028 4530 peperit
