2996 4924
646 338 689 404 43

254 509 354 587 ‚Quid
378 533 434 595 per
455 512 699 584 maledictionen
723 515 819 584 istam
840 515 1027 586 intendebat

172 635 224 672 roso
250 615 411 702 Propheta
432 620 482 685 dei
505 618 655 708 Moyses?
679 621 738 688 hoe
761 644 780 687 ο
803 624 847 688 mi
869 622 985 688 iratres
1008 625 1091 702 scio;

250 722 322 807 Ego
345 746 509 809 uunquam
532 727 701 792 maledicta
722 750 779 813 per
800 727 862 794 hoe
884 728 1005 794 iactum
1027 730 1081 809 fio,

250 821 334 894 Na'm
358 829 421 900 ista
444 831 624 898 maledictio
647 834 685 899 de
709 835 803 900 rebus
826 838 874 899 est
896 835 1033 915 caducis,

158 943 163 956 “
250 931 326 998 Non
349 939 397 999 eat
419 935 458 1002 de
479 937 647 1004 celestibus
670 939 862 1024 sempiterne
884 939 996 1008 lucis«

100 1229 199 1314 Quod
229 1232 440 1316 sdcerdotes
467 1235 694 1309 invenerunt
712 1236 925 1310 consilium
959 1237 1048 1332 quid
1076 1238 1244 1313 facerent

563 1357 609 1430 de
643 1356 773 1432 Maria.

253 1565 328 1632 Non
351 1567 504 1634 habentes
526 1567 703 1638 sacerdotes
726 1567 802 1652 quid
826 1567 913 1634 ultre
935 1563 1145 1653 respondere

175 1693 228 1730 rus
254 1671 387 1754 Possent
408 1673 456 1740 illi
480 1675 607 1759 virgini,
631 1674 796 1740 consilium
820 1673 930 1754 fecere,

252 1777 419 1846 Dicentea:
444 1777 496 1844 »si
519 1779 733 1863 permittimus
755 1779 844 1846 illam
867 1779 913 1844 sic
935 1779 1138 1864 pertransire,

253 1883 305 1949 lta
327 1885 411 1969 quud
433 1907 496 1950 non
521 1885 647 1969 sugitur
668 1884 760 1952 nobis
784 1883 921 1965 obedire,

253 1987 292 2054 In
313 1995 456 2054 nostram
478 1989 701 2054 contumeliam
725 2011 825 2054 novus
848 1989 1015 2054 inducetur

250 2093 325 2160 Vite
348 2095 469 2174 modus,
491 2116 664 2180 perquem
686 2099 797 2160 nostra
819 2097 959 2177 potestas
981 2094 1171 2174 destruetur,

174 2221 226 2258 nco
253 2199 335 2276 Quia
356 2221 413 2284 per
435 2201 614 2284 exemplum
636 2200 702 2264 eins
726 2199 760 2264 in
782 2199 978 2284 uirginitate¹

253 2305 429 2370 Manebunt
450 2305 551 2372 multe
574 2305 713 2390 virgines
736 2305 821 2370 etin
847 2304 1004 2384 castitate

255 2409 321 2485 Qus
343 2410 487 2475 nolentes
508 2411 628 2475 nubere
650 2411 734 2475 viros
757 2410 946 2475 recusabant

254 2515 360 2601 Atque
383 2516 511 2586 thurum
532 2516 731 2601 conjugalem
759 2519 942 2600 spernentes
966 2537 1028 2580 non
1054 2515 1240 2580 curabunt«

212 2832 263 2906 De
289 2831 410 2908 Judec
438 2832 503 2927 qui
530 2833 712 2926 allegavit
739 2854 805 2928 pru
828 2831 946 2906 vbeata
973 2831 1129 2924 virgine.

255 3039 343 3111 Tunc
365 3063 404 3106 ex
426 3040 602 3106 senioribus
625 3040 754 3124 quidam
776 3041 1009 3124 respondebat,

179 3165 228 3202 1111
255 3147 316 3224 Qui
339 3145 476 3212 Mariam
498 3147 652 3232 uirginem
677 3146 841 3214 defendere
864 3147 1002 3224 volebat,

256 3251 388 3316 Dicens:
415 3251 538 3320 »Huius
561 3253 695 3339 virginis
720 3253 839 3318 factum
862 3257 910 3318 est
933 3251 1138 3337 perplexum

255 3357 333 3422 Eius
356 3379 430 3424 nam
453 3359 616 3444 proposito
640 3363 750 3425 votum
773 3362 821 3422 est
843 3379 1030 3434 connexum,

255 3460 339 3528 Nam
361 3462 500 3546 precepit
522 3461 664 3547 Moyses,
688 3467 724 3528 ut
747 3463 837 3547 virgo
859 3461 909 3529 vel
931 3461 1037 3546 puella

254 3565 292 3632 In
314 3569 408 3632 domu
430 3569 530 3652 patris
553 3589 750 3652 permaneas,
773 3589 868 3632 senex
890 3567 940 3632 vel
964 3565 1090 3644 tenella,

184 3689 230 3726 1111
258 3671 289 3738 Si
314 3678 389 3740 vote
411 3696 444 3740 se
466 3674 699 3760 constringeret
722 3677 813 3758 patre
835 3672 1003 3750 nesciente,

255 3777 314 3842 Sed
336 3777 487 3848 illucum
511 3779 684 3864 perciperet
708 3799 778 3842 mox
804 3799 868 3842 non
890 3775 1134 3854 contradicente,

255 3881 316 3948 Illa
336 3883 420 3948 foret
442 3883 596 3968 obligata,
620 3887 758 3968 votoque
780 3883 945 3968 ligaretur,

255 3987 298 4052 Et
319 3988 379 4059 hoe
402 3993 511 4057 votum
533 3989 705 4073 adimplere
727 4011 783 4072 per
806 3989 938 4074 Moysen
964 3987 1100 4052 iubetur.

256 4089 316 4156 Sed
338 4093 396 4160 hee
419 4093 510 4178 virgo
532 4095 689 4162 castitatis
712 4099 822 4163 votum
845 4094 902 4160 dec
926 4093 1024 4172 vovit,

188 4211 233 4246 1111
259 4193 412 4282 Paterque
433 4181 714 4264 non'ucntradixit
735 4221 806 4264 cum
830 4199 950 4264 iactum
972 4197 1032 4263 hoe
1054 4199 1222 4286 cognorim

259 4297 318 4364 Sed
339 4303 441 4387 magis
464 4325 533 4370 eam
555 4303 703 4390 obligans
726 4305 784 4370 deo
806 4303 1011 4383 consecravit,

263 4401 304 4478 Ut
325 4427 447 4496 semper
470 4408 561 4494 virgo
583 4412 712 4480 maneat
732 4408 834 4493 ipsam
857 4408 1031 4494 deputarit.
