3060 4936
691 379 754 449 193

144 579 207 641 que
233 579 251 622 a
274 555 436 622 nobilibus
452 557 642 626 dominabus
663 580 720 642 per
741 579 856 644 gyrum
878 560 910 624 in
936 560 1047 624 castris
1063 559 1293 627 babitantibus.

141 661 232 727 Tunc
265 667 371 727 autem
404 662 437 726 in
472 683 542 726 arce
566 659 731 727 Gerhusen
763 685 866 729 comes
899 663 1027 749 quidam
1051 665 1089 729 de
1113 665 1292 732 Hellastain

142 789 215 832 cum
237 787 337 831 uxore
352 767 522 847 habitavit,
546 790 617 852 quae
633 769 780 834 ancillam
803 769 996 854 clavigeram
1018 770 1158 836 nobilem
1179 771 1293 837 habuit

141 873 271 938 nomine
303 871 470 938 Gertrudis
500 873 739 939 Schwellrerin¹
773 895 843 958 qua
873 875 900 940 ei
936 873 978 939 32
1007 873 1099 941 annis
1131 877 1292 942 servierat.

141 977 218 1043 Haec
241 977 407 1044 Gertrudis
430 979 573 1064 exemplo
596 979 714 1044 sororis
738 978 924 1044 Adelhaidis
955 984 1043 1044 mota
1067 981 1219 1046 arandum
1242 1005 1292 1048 re·

141 1083 246 1168 liquit,
272 1087 304 1149 et
326 1085 474 1149 omnibus
502 1085 668 1172 resignans
691 1084 731 1150 ad
753 1105 894 1149 sororem
917 1083 1127 1150 Adelhaidem
1148 1085 1293 1170 ingressa

141 1195 264 1254 arctum
297 1189 535 1269 babitaculum,
565 1212 637 1254 cum
668 1213 705 1254 ea
735 1190 856 1274 pariter
880 1189 947 1254 Deo
976 1189 1117 1255 servivit.
1163 1189 1291 1257 Mortua

141 1301 246 1360 autem
264 1293 441 1359 adelhaida
455 1293 525 1378 ipsa
542 1291 958 1382 (lertrudisSohvvelkerin²
981 1295 1110 1361 famatus
1127 1295 1291 1381 religionis

141 1399 227 1465 facta
250 1399 394 1464 amultis
416 1398 596 1485 virginibus
611 1398 812 1474 visitabatur,
836 1419 906 1482 quae
921 1397 1108 1466 imitatrices
1133 1401 1289 1466 virtutum

139 1504 207 1569 eius
230 1504 299 1568 lieri
324 1503 489 1587 optabant.
536 1502 674 1569 Cernens
705 1507 810 1568 autem
840 1502 1023 1584 Gertrudis,
1058 1507 1139 1589 quod
1174 1507 1290 1572 multas

142 1607 271 1674 Christo
302 1612 409 1694 posset
439 1609 556 1673 lucrari
587 1609 708 1673 animas
731 1613 763 1673 et
793 1629 962 1693 segregare
984 1631 1134 1693 sponsas,
1167 1602 1395 1682 arctumussllta,

139 1712 271 1778 resolvit
292 1712 457 1799 tugurium
481 1716 513 1778 et
535 1713 664 1778 domum
686 1735 783 1797 supra
805 1713 974 1780 aedificavit
996 1735 1121 1792 novam,
1146 1737 1291 1800 capacem

140 1817 315 1884 multarum
338 1841 493 1884 sororum.
517 1820 730 1905 ingressaque
753 1819 890 1882 suntad
913 1841 982 1883 eam
999 1821 1039 1884 13
1063 1819 1202 1906 virgines
1219 1843 1290 1905 quae

138 1924 342 1989 devotissime
374 1923 440 1989 Deo
474 1923 594 2007 pariter
627 1923 818 1988 serviebant.
872 1923 949 1988 Post
982 1925 1149 1990 decursum
1182 1930 1289 1991 autem

137 2026 289 2111 temporis
318 2031 543 2114 coagmentatus
576 2031 624 2090 est
646 2049 795 2092 numerus
828 2031 860 2090 et
883 2027 995 2092 domus
1018 2027 1180 2110 ampliata.
1214 2053 1288 2095 nam

138 2132 176 2196 de
200 2129 297 2197 Ulma
319 2131 433 2196 civium
459 2131 532 2194 filiae
555 2130 664 2196 multae
687 2131 842 2214 optabant
865 2131 910 2194 ibi
934 2131 1000 2196 Deo
1023 2133 1172 2196 famulari
1195 2137 1228 2199 et
1252 2135 1289 2200 de

138 2238 210 2302 aliis
233 2237 436 2323 regionibus,
467 2240 499 2300 et
528 2237 562 2300 in
595 2240 721 2300 tantum
753 2235 988 2301 infestabantur
1018 2238 1057 2302 ad
1094 2238 1288 2322 recipiendas

138 2343 241 2422 filias,
274 2342 357 2426 quod
389 2345 505 2406 coactae
537 2345 613 2406 sunt
635 2340 721 2405 aliud
743 2341 899 2406 adificare
920 2340 1148 2407 habitaculum.
1184 2342 1288 2410 Unde

139 2453 228 2513 anno
247 2448 366 2513 domini
393 2446 476 2512 1477
501 2447 666 2530 antiquam
690 2447 888 2510 resolverunt
910 2446 1048 2526 domum,
1073 2451 1105 2512 et
1127 2449 1161 2512 in
1184 2449 1287 2513 locum

136 2553 468 2637 superaedificaverunt
487 2551 640 2637 grandem
662 2555 695 2616 et
710 2551 809 2616 altam
832 2552 970 2631 domum,
995 2554 1152 2618 adiutorio
1168 2555 1288 2618 domini

136 2658 262 2723 abbatis
286 2664 318 2723 et
333 2662 505 2724 conventus
528 2656 560 2720 in
579 2656 761 2722 Blaubtiren
778 2661 810 2722 et
827 2655 1038 2736 Ulmeusium,
1062 2680 1197 2742 quorum
1214 2658 1288 2724 filiae

135 2763 182 2828 ibi
206 2763 375 2849 degebant.
399 2765 526 2829 domum
552 2769 658 2830 autem
681 2787 771 2830 suam
787 2767 952 2849 antiquam
975 2788 1064 2830 novae
1080 2767 1187 2832 domui
1211 2787 1286 2832 con-

134 2868 308 2934 iunxerunt
346 2891 405 2952 pro
441 2870 638 2954 receptaculo
675 2869 837 2953 hospitum
875 2873 908 2934 et
940 2893 1069 2935 suorum
1101 2872 1284 2936 amicorum.

135 2973 236 3039 Facta
259 2980 366 3040 autem
388 2979 463 3039 sunt
494 2975 562 3040 haec
585 2997 668 3038 anno
699 2974 833 3059 praefato
862 2973 922 3038 sub
945 2976 1059 3040 devota
1083 2979 1114 3039 et
1137 2977 1287 3060 religiosa

134 3102 243 3145 sorore
268 3080 452 3145 Adelhaidis
477 3077 673 3145 Aliweldin³
698 3079 735 3144 de
762 3079 969 3158 Blaubeuren,
994 3102 1063 3164 quae
1085 3083 1162 3144 tunc
1185 3084 1286 3145 mater

133 3186 248 3252 domus
264 3191 333 3251 erat
348 3191 380 3250 et
395 3185 489 3250 hodie
505 3189 563 3264 est,
586 3190 618 3250 et
634 3185 743 3250 multis
758 3185 841 3250 rexit
856 3186 947 3249 annis
963 3207 1034 3249 cunr
1052 3185 1286 3268 tranquillitate

132 3313 261 3376 magna.
308 3291 368 3356 Est
390 3291 475 3356 enim
498 3292 612 3355 mulier
636 3289 809 3380 singularis
831 3290 1036 3364 innocentiae,
1061 3289 1230 3372 probitatis
1254 3294 1286 3354 et

134 3395 311 3482 religionis,
335 3401 366 3460 et
382 3395 541 3461 efficacius
566 3394 650 3478 regit
665 3395 802 3479 quadam
818 3393 954 3460 notabili
977 3393 1187 3478 benignitate,
1211 3417 1284 3458 sua·

132 3501 243 3580 vitate,
268 3500 416 3579 mititate,
439 3523 536 3585 quam
559 3499 738 3584 quicunque
761 3499 842 3563 alius
865 3519 974 3583 regere
998 3503 1103 3582 posset
1128 3502 1284 3582 potestate

132 3611 165 3671 et
189 3605 371 3670 acrimonia.
417 3605 499 3670 Sunt
521 3610 626 3670 antem
650 3605 683 3668 in
708 3627 745 3669 ea
767 3605 860 3668 domo
882 3601 976 3668 bodie
998 3625 1130 3668 numero
1162 3603 1200 3666 12
1231 3625 1283 3667 so-

133 3733 221 3776 rores
236 3709 375 3776 inclusae.
399 3710 436 3776 de
449 3732 511 3776 uon
522 3709 653 3776 inclusis
669 3713 744 3774 sunt
759 3708 875 3788 decem,
892 3707 998 3793 sicque
1009 3707 1044 3772 in
1064 3712 1133 3772 toto
1144 3711 1219 3771 sunt
1233 3709 1283 3772 22.
1298 3715 1337 3784 n?
1360 3725 1381 3784 ⁴,

131 3815 229 3881 Anno
245 3821 351 3882 autem
366 3816 485 3880 domiui
504 3816 587 3881 1476
605 3820 737 3899 receptae
752 3819 828 3880 sunt
850 3815 890 3878 ad
905 3813 1141 3879 fraternitatem
1162 3811 1283 3878 ordinis

131 3921 271 3986 fratrum
294 3922 537 4006 praedicatorum
560 3945 616 4007 per
639 3919 935 3986 reverendissimum
949 3919 1145 4004 magistrum
1163 3917 1283 3983 ordinis

130 4033 255 4113 patrem
271 4025 470 4092 Leonardum
491 4027 529 4092 de
545 4025 720 4156 Mansuetip
743 4025 781 4090 de
797 4023 938 4104 Perusio,
962 4023 1018 4110 qui
1044 4024 1088 4090 eis
1104 4023 1283 4088 transmisit

209 4202 218 4252 l
242 4197 394 4256 Gerdrudia
413 4199 472 4254 Sch.
492 4196 536 4252 Kl.
556 4199 629 4254 Mon.
645 4198 666 4252 1.
685 4197 767 4254 Gold.
786 4197 827 4250 ut.
864 4195 1066 4252 Schwelbairin
1088 4195 1171 4252 Wibl.
1192 4196 1282 4250 Sohm.

135 4285 338 4343 Schwelcherin
357 4285 402 4342 Kl.
439 4259 607 4341 Svislcherin
626 4285 699 4341 lton.
723 4287 743 4338 l.
815 4283 1012 4340 2Scbelherin
1031 4283 1124 4339 haben
1142 4283 1202 4338 hier
1221 4283 1281 4337 Sch.

134 4375 180 4432 Kl.
199 4375 290 4430 Sohm.
309 4375 387 4430 nicht
407 4373 501 4439 Wibl,
519 4372 608 4430 dieser
626 4373 678 4428 hat
697 4373 768 4428 auch
786 4372 847 4428 hier
864 4371 1072 4429 Schvelhairin.
1126 4373 1143 4428 3
1161 4389 1179 4426 a
1197 4369 1282 4426 Suel·

129 4461 179 4518 din
198 4459 281 4516 Gold.
300 4463 340 4515 ut.
