3072 4936
814 358 857 424 84

262 541 384 604 catores
407 541 439 601 00
456 533 673 600 anniversaria
688 537 869 599 statuerunt
884 555 956 598 cum
972 533 1081 599 multis
1102 535 1273 614 beneficiis,
1295 534 1411 612 missis,

262 641 462 725 lampadibus
485 645 518 706 et
549 640 751 724 elemosynis,
775 639 858 704 sicut
886 645 935 704 est
957 640 1023 704 dies
1056 640 1132 705 hac.
1178 641 1223 706 110
1252 641 1329 725 quia
1364 641 1413 705 illi

262 745 496 832 Ehingereuses
511 746 550 810 de
565 745 744 809 Mediolano
758 743 886 810 Ulmam
905 751 1066 825 venerunt,
1090 746 1131 810 ab
1147 747 1295 812 omnibus
1312 769 1413 832 usquc

262 851 356 916 hodie
377 853 522 936 Ehinger
544 852 582 916 de
606 851 785 916 Mediolano
807 851 965 915 dicuntur.
1012 851 1059 916 De
1082 851 1139 916 illa
1165 853 1265 936 stirpe
1279 851 1413 919 fuerunt

261 956 456 1040 temporibus
479 957 598 1021 uostris
620 956 725 1039 plures
741 955 888 1040 magistri
899 955 1016 1020 civium
1040 961 1077 1021 ut
1094 955 1281 1022 Waltherus
1300 957 1413 1042 Rymi·

262 1061 323 1126 lius
345 1067 378 1126 et
399 1061 539 1128 Jacobus
558 1062 586 1142 ¹,
613 1067 646 1127 et
674 1061 738 1126 iam
774 1061 850 1126 dicti
871 1059 986 1126 Jacobi
1015 1061 1100 1126 filius
1122 1062 1259 1148 insignis
1282 1067 1333 1128 111
1354 1064 1414 1129 Jo-

262 1189 359 1232 annes
382 1167 535 1254 Ehingcr.

349 1272 492 1338 Secunda
513 1274 618 1358 portic
641 1273 771 1339 familia
792 1273 1060 1359 Ehingerensium
1088 1275 1258 1358 praedictae
1287 1277 1334 1342 sic
1356 1277 1411 1342 in-

261 1383 347 1444 00100
377 1377 450 1442 fuit.
496 1379 599 1444 Erant
629 1379 662 1444 in
696 1379 825 1465 regione
857 1379 1040 1444 Franconise
1070 1379 1148 1446 clari
1179 1379 1303 1447 nobiles
1336 1383 1413 1448 dicti

262 1485 346 1549 sicut
369 1489 400 1550 et
415 1483 511 1568 primi
526 1485 768 1572 Ehingerenscs‚
791 1506 905 1568 parum
920 1489 1086 1550 stemmate
1102 1486 1142 1550 ab
1158 1487 1203 1550 eis
1219 1486 1412 1569 differentes,
1511 1499 1513 1560 3

253 1576 389 1674 ¹penitus
412 1595 519 1654 001101
544 1589 588 1654 010
611 1589 726 1675 ignoti.
773 1587 966 1654 Residebant
981 1596 1085 1656 autem
1102 1590 1136 1654 in
1152 1597 1257 1656 castro
1272 1595 1413 1677 quodam

262 1695 411 1760 dioecesis
434 1682 769 1782 Babenbergensiset
799 1696 839 1759 ab
871 1695 940 1778 ipso
973 1696 1120 1779 episcopo
1153 1695 1413 1783 Babenbergensi

262 1799 399 1866 feudalia
421 1785 592 1879 habebant,
614 1800 663 1865 uti
686 1798 808 1865 nobiles
830 1799 947 1864 habere
968 1800 1082 1877 solent,
1105 1806 1138 1864 et
1161 1801 1259 1866 etiam
1274 1802 1414 1868 decimas

262 1905 425 1990 quasdam.
472 1904 662 1970 Perturbata
685 1909 791 1969 autem
813 1904 971 1989 astragis
995 1904 1147 1989 gravibus
1170 1906 1262 1972 bellis
1288 1907 1321 1971 11
1340 1912 1414 1972 tan-

263 2015 343 2089 tum,
369 2015 405 2074 ut
426 2010 556 2074 minime
578 2009 642 2074 tuti
665 2031 731 2074 esse
754 2013 884 2092 possent
905 2010 941 2078 in,
962 2009 1129 2090 fortalitio,
1157 2012 1233 2097 quia
1254 2015 1415 2098 proelium

263 2114 471 2200 singulariter
487 2115 693 2200 grassabatur
708 2114 741 2178 iu
758 2137 820 2194 eos,
837 2115 1413 2185 1100010101000110111011101101011-

265 2221 394 2306 bergam
417 2219 554 2305 ingressi
576 2223 661 2299 sunt,
686 2241 742 2284 nec
766 2219 866 2284 multo
889 2225 961 2305 post
984 2227 1123 2286 castrum
1140 2245 1250 2288 eorum
1265 2225 1413 2292 incendio

263 2329 485 2410 consumptum
507 2325 578 2390 fuit.
625 2324 799 2390 Audientes
814 2330 921 2390 autem
943 2325 1027 2410 quod
1043 2327 1138 2392 multi
1152 2329 1275 2394 nobiles
1292 2331 1413 2397 relictis

263 2431 376 2496 castris
400 2429 529 2495 Ulmam
552 2429 793 2515 ingrederentur
815 2428 924 2512 ibique
947 2430 1046 2494 vitam
1069 2431 1220 2498 ducerent
1243 2435 1413 2502 iocundam

263 2541 296 2600 et
311 2535 452 2614 liberam,
475 2540 670 2601 recesserunt
685 2557 756 2600 cum
771 2534 858 2600 omni
873 2555 931 2598 sua
946 2534 1127 2600 substantia
1142 2558 1162 2601 a
1177 2537 1209 2602 N
1210 2539 1413 2626 eremberga,

263 2645 295 2706 et
318 2639 448 2706 Ulmam
469 2641 604 2726 ingrcssi
619 2641 665 2706 ibi
681 2639 827 2704 habitare
842 2644 1021 2724 coeperunt.
1068 2641 1111 2706 110
1127 2643 1203 2726 quia
1219 2649 1311 2710 erant
1326 2647 1413 2712 eius·

264 2748 335 2812 dem
357 2747 494 2811 nominis
517 2769 587 2810 cum
613 2746 738 2830 primis,
762 2751 795 2811 et
817 2743 947 2830 aqualis
969 2743 1149 2811 nobilitatis
1172 2751 1204 2812 et
1226 2771 1283 2832 per
1307 2751 1416 2818 omnia

265 2851 438 2917 consimilis
460 2850 607 2931 fortunae,
632 2873 738 2916 amore
760 2850 846 2915 civili
868 2851 984 2914 iunctae
1006 2855 1081 2916 sunt
1104 2851 1173 2916 duae
1195 2851 1259 2918 illae
1282 2854 1415 2922 familia

265 2962 297 3023 et
330 2955 488 3021 communi
524 2957 649 3021 decreto
685 2955 843 3020 seniorum
884 2953 1050 3039 utriusque
1087 2956 1189 3039 partis
1229 2961 1415 3026 coniurave-

265 3059 365 3126 runc²
399 3061 434 3126 in
455 3083 552 3126 111011
574 3059 731 3125 familiam
753 3057 794 3124 ac¹
823 3061 850 3124 si
872 3081 910 3124 ex
933 3061 1041 3125 eadem
1065 3061 1169 3127 radice
1198 3068 1230 3130 00
1259 3067 1416 3153 sangiune

265 3166 499 3250 processissent,
523 3170 613 3231 0000
636 3163 761 3249 quaein
785 3163 1002 3230 stemmatibus
1026 3166 1196 3251 inaequalia
1222 3176 1314 3236 01010
1336 3193 1414 3236 con·

264 3271 457 3350 formabant,
481 3275 513 3335 et
535 3271 714 3354 sepulturas
737 3270 831 3334 simul
853 3271 1034 3350 habebant,
1072 3277 1108 3336 110
1131 3274 1214 3339 01010
1235 3275 1268 3339 11
1292 3277 1362 3342 vita
1384 3284 1416 3344 et

265 3379 299 3442 in
321 3383 423 3442 110100
451 3399 515 3441 101
543 3382 647 3442 000010
677 3378 824 3460 separati.
870 3375 930 3440 His
953 3375 1227 3462 Ehingerensibus
1250 3381 1415 3466 episcopua

265 3481 538 3568 Babenbergensis
561 3482 721 3565 quondam
743 3481 870 3565 scripsit
893 3481 1059 3565 epistolam
1090 3483 1129 3546 ad
1153 3481 1300 3566 Ulmum,
1335 3489 1415 3552 dans

266 3587 310 3652 eis
332 3609 441 3652 omnes
464 3587 606 3651 homines
630 3607 709 3671 quos
732 3585 766 3649 in
789 3585 904 3669 oppido
929 3584 1072 3649 Ulmensi
1095 3589 1240 3672 proprios
1263 3591 1411 3657 0000000.

266 3693 310 3756 Et
332 3692 426 3757 hodie
447 3713 563 3756 nomen
585 3713 694 3755 eorum
716 3689 837 3756 celebre
867 3689 899 3753 in
924 3688 1104 3754 l‘ranconia
1126 3691 1273 3759 habetur.
1321 3694 1418 3760 Vidi-

267 3793 337 3862 mus
360 3796 557 3882 temporibus
589 3795 706 3862 ncstris
730 3795 768 3860 de
799 3795 847 3860 his
871 3794 1144 3879 Elliingerensibua
1173 3802 1317 3865 maturos
1338 3824 1415 3886 pru·

830 3930 848 3970 *

339 4015 348 4068 1
371 4013 534 4068 waltherus
548 4013 708 4069 attacobus
721 4012 805 4067 Wibl.
842 4012 1006 4067 Waltherns
1025 4053 1031 4068 .
1052 4053 1058 4068 .
1078 4013 1181 4084 (100110)
1200 4057 1206 4070 .
1227 4057 1234 4070 .
1254 4016 1416 4073 etdacobus

266 4099 335 4156 Golr.
356 4101 426 4154 Besa
463 4100 635 4165 Waltherus,
656 4100 761 4169 Rymili
779 4102 808 4155 ct
826 4099 945 4156 lacobus
965 4098 1065 4155 Schad.
1086 4101 1128 4156 Kl.
1168 4101 1340 4171 Waltherus,
1359 4104 1416 4174 ay-

266 4187 327 4240 mili
341 4189 369 4241 et
382 4186 501 4241 Jacobus
514 4187 598 4243 Woll.
633 4187 786 4252 Witbarus,
805 4187 901 4240 rumili
913 4190 942 4242 00
955 4187 1075 4243 lacobus
1088 4191 1162 4246 Mun.
1181 4193 1205 4246 2.
1243 4192 1417 4259 Waltherus,

267 4273 407 4342 Rymilius
434 4275 463 4327 et
491 4273 610 4329 lacobus
638 4273 759 4329 Schmid.
801 4273 978 4339 Waltherus,
1007 4275 1142 4332 Rimeliua
1170 4281 1200 4334 00
1227 4280 1348 4337 Jaccbus
1366 4281 1416 4334 Eb.

266 4359 470 4430 (11γωί1111οτ-
496 4360 638 4430 Remigius
647 4360 685 4430 ?);
722 4359 818 4417 Jacobi
837 4361 909 4415 filius
928 4362 1048 4419 loannes
1069 4363 1193 4436 llhinger
1210 4367 1331 4426 Schmid.
1354 4369 1416 4436 Εο.;

267 4451 296 4503 00
313 4448 369 4501 iam
393 4447 462 4502 dicti
482 4448 523 4502 bis
543 4448 665 4518 Ebinger
683 4449 756 4502 fehlt
774 4450 819 4505 bei
832 4449 917 4504 Wibl.
988 4451 1004 4502 2
1022 4469 1051 4506 00
1071 4451 1134 4508 alle.
