3034 4922
773 299 834 368 182

305 499 357 540 ⁵³⁸⁶
384 482 415 546 A
438 483 528 566 petre
550 482 582 544 et
604 499 623 544 e
644 477 805 544 liliosum
827 478 922 544 simul
946 477 1085 544 viduato.

383 585 410 651 Ο
434 608 499 664 vos,
523 588 608 650 caste
631 583 781 670 virgines,
804 583 948 670 plangite
970 583 1130 664 dilectum,

382 690 491 756 Meum
513 688 714 774 unigenitum
737 693 877 754 vestrum
899 693 931 754 et
953 687 1098 768 electum,

385 793 542 881 Sponsum
567 815 586 858 o
608 815 672 878 quo
695 793 810 858 misera
830 797 932 858 mater
954 815 1039 860 nuno
1061 791 1185 858 desolor

384 899 492 966 Crucis
514 921 571 984 per
592 899 799 984 supplicium,
823 921 861 964 ve
882 899 972 978 mihi,
995 903 1134 984 quantus
1156 897 1265 964 dolor!

307 1025 359 1062 ⁶³⁰⁰
385 1003 497 1070 Omnis
519 1005 615 1070 homo
637 1002 717 1068 mihi
740 1024 851 1087 precor
872 1003 1037 1070 condolent
1059 1003 1179 1070 dolenti

385 1109 468 1174 Filio
490 1109 685 1194 compatiens
708 1129 776 1174 meo
799 1109 952 1194 potienti!

386 1214 433 1281 Ve
455 1237 511 1280 our
534 1213 785 1280 amentissimum
807 1213 947 1280 solamen
969 1214 1071 1280 cordis
1094 1214 1165 1280 mei·

386 1317 576 1386 Oeniderunt
598 1319 698 1384 filium
722 1318 874 1384 miserimi
896 1315 1015 1383 Judei?

389 1424 479 1492 Nulli
503 1423 565 1490 fuit
588 1425 752 1490 hominum
774 1421 925 1488 molestus
948 1421 997 1488 vel
1020 1424 1158 1499 nocivus,

306 1511 361 1587 '⁵³0⁶
388 1528 448 1596 see
472 1529 534 1596 fun
558 1529 654 1608 mne,
679 1529 818 1609 humus,
841 1528 951 1608 uncis,
974 1528 1198 1614 compassivus.

389 1635 468 1700 Erat
491 1638 597 1698 sutem
620 1632 708 1698 utilis
730 1633 797 1697 vita
819 1655 877 1698 suo
898 1631 1026 1710 mund0,

389 1739 574 1804 Doctrinem
597 1759 707 1804 sonum
729 1738 847 1822 populo
869 1738 965 1802 dsbot
987 1737 1080 1804 eorde
1102 1738 1228 1804 mundo.

390 1843 438 1910 Ve
461 1843 550 1924 mihi,
575 1867 611 1909 ve
634 1844 671 1908 de
694 1865 791 1927 puero
814 1859 883 1908 meo
905 1842 1054 1922 cruciato,

389 1949 438 2016 Ve
462 1949 540 2014 mihi
563 1950 602 2016 de
623 1949 803 2014 dulcissimo
825 1949 1030 2034 piissimoque
1052 1951 1143 2014 neto!

313 2077 364 2113 ouo
392 2053 419 2120 Ο
442 2056 469 2120 si
491 2077 541 2120 me
563 2076 635 2119 oum
657 2076 694 2120 eo
716 2075 800 2120 mors
822 2053 930 2120 eodem
952 2057 1083 2132 teneret,

391 2159 437 2226 Ut
459 2181 517 2244 pro
539 2181 576 2224 eo
598 2180 746 2238 morerer,
770 2157 850 2224 mihi
871 2159 899 2222 si
921 2158 1050 2224 liceret!

390 2264 452 2330 Fili
474 2265 528 2344 mi,
552 2285 571 2328 o
593 2263 637 2328 fili
662 2263 717 2342 mi,
740 2262 786 2328 fili
808 2263 863 2341 mi,
885 2285 904 2327 o
927 2262 987 2328 fili!

391 2369 507 2435 Tenum
531 2368 611 2434 mori
633 2368 723 2434 trede
744 2367 835 2446 mihi,
859 2367 899 2434 ds
921 2367 1000 2434 mihi
1023 2369 1112 2448 mori,
1135 2369 1201 2434 lili!

390 2473 495 2554 Ofili,
519 2477 642 2557 tempus
668 2473 786 2557 gaudii,
810 2477 934 2558 tempus
957 2473 1035 2538 illud
1058 2475 1157 2540 letum

312 2597 363 2635 uon
390 2577 577 2644 Nativitotis
600 2581 654 2642 tue
676 2577 756 2642 mihi
778 2599 861 2642 nuno
884 2600 1008 2644 versum
1031 2583 1080 2644 est
1102 2580 1136 2644 in
1159 2579 1280 2644 fletum.

390 2681 441 2748 Ad
462 2705 512 2748 me
534 2687 625 2748 tuum
647 2682 796 2768 angelum
818 2682 856 2748 de
877 2667 944 2748 celo
966 2706 1039 2750 oum
1061 2683 1183 2764 misisti,

391 2789 435 2854 ut
456 2789 489 2852 in
510 2809 617 2854 meum
638 2792 765 2854 uterum
787 2791 822 2853 tu
846 2789 920 2854 deus
943 2789 1093 2869 introisti,

391 2891 440 2957 'l'u
462 2893 521 2958 scis
544 2893 639 2972 solus,
662 2892 738 2977 quis
760 2892 863 2958 virum
886 2915 1049 2977 nunquam
1071 2893 1214 2960 effeotrwi

391 2997 436 3062 Et
457 2997 559 3062 cernis
580 3019 632 3062 me
653 2997 783 3064 libidine
807 3019 970 3083 nunquam
993 2997 1165 3078 msoulsvi3

314 3123 365 3160 eno
392 3101 452 3168 Sed
476 3101 693 3187 virginitatem
713 3123 817 3168 meam
838 3102 989 3168 mundam
1011 3103 1202 3183 conservavi,
1240 3124 1242 3130 ¹

393 3207 485 3276 (leste
508 3208 626 3287 vivens,
648 3227 755 3272 eorem
776 3211 809 3274 te
831 3229 881 3273 me
903 3207 1079 3288 humiliavi,

256 3319 263 3335 ⁶
394 3312 438 3380 Te
461 3313 598 3396 concepi,
621 3313 713 3398 virgo
735 3335 875 3392 monens,
898 3335 1061 3398 nunquam
1083 3313 1219 3380 violate:

393 3418 438 3484 'l'e
459 3419 593 3504 portori,
617 3440 775 3504 pregnans
797 3417 892 3498 facts,
917 3441 1078 3504 nunquam
1101 3419 1286 3504 edgrovstn,

393 3525 466 3589 Sine
487 3523 595 3589 dolore
617 3523 724 3608 peperi
746 3527 779 3588 te
799 3521 943 3608 nihilque
964 3524 1142 3603 molestato,

315 3647 366 3685 ene
394 3627 604 3713 Humanoque
625 3629 801 3714 fragilitate
823 3628 912 3694 nulle
935 3630 1133 3708 conturbet&

393 3733 436 3797 Et
457 3733 560 3798 mansi
582 3742 654 3819 post
676 3737 804 3818 portum
827 3734 916 3820 virgo
939 3735 1200 3800 incontaminata.

392 3837 514 3904 Dilecto
535 3837 591 3917 fili,
615 3861 670 3922 per
692 3842 723 3904 te
746 3839 793 3904 fui
815 3843 890 3904 tuno
912 3840 1064 3906 letifioetu

392 3943 430 4009 ln
453 3943 638 4029 angelorum
660 3949 770 4028 pertus
792 3946 853 4010 mei
877 3945 1161 4025 administratione,

392 4047 499 4132 Atque
521 4053 553 4113 te
575 4049 773 4116 laudantium
794 4050 993 4131 iubilatione,

317 4172 367 4208 eoo
395 4155 439 4220 Et
461 4153 494 4218 iu
517 4153 607 4220 stelle
630 4156 791 4222 rutilantis
815 4157 1041 4238 oorusostione,

802 4282 820 4322 r

308 4379 377 4436 5420
394 4379 417 4434 G
437 4379 494 4436 und
513 4380 531 4436 Z
550 4381 719 4438 eoruscantis
736 4384 811 4440 etstt
829 4381 983 4440 rutilantis.
