3080 4938
142 1497 354 1582 Truolutns
389 1495 437 1582 de
474 1496 643 1583 eiritute
678 1495 872 1596 ulmensi,
917 1495 965 1582 ds
1008 1496 1093 1581 eins
1132 1496 1297 1600 origiue,

228 1626 379 1726 ordine,
407 1630 613 1733 regimine,
643 1629 691 1713 de
719 1629 877 1715 uiribus
907 1629 993 1712 eius
1021 1627 1061 1710 et
1088 1627 1229 1723 statu„

233 1918 358 1986 Ultimo
389 1918 459 1986 loeo
491 1921 696 1986 describenda
729 1919 808 2012 mihi
841 1921 929 1985 venit
951 1917 1049 1985 Ulmo
1074 1919 1186 1984 civitas
1209 1921 1300 1986 iuxta

143 2027 303 2112 promissa
332 2027 492 2110 inprims
514 2029 623 2111 purte,
658 2025 734 2111 quis
764 2029 813 2090 est
840 2025 996 2090 terminus
1024 2047 1129 2109 aquo
1152 2025 1300 2111 evagatio

142 2155 217 2198 meu
249 2133 367 2216 incepit
395 2136 427 2197 et
458 2132 497 2196 ad
527 2154 619 2216 quem
647 2131 819 2196 terminata
842 2134 901 2195 est.
946 2127 1096 2194 Difficilis
1120 2132 1169 2194 est
1190 2135 1298 2195 nutem

142 2238 225 2302 mihi
248 2237 342 2302 huius
365 2237 474 2322 oppidi
497 2235 678 2321 descriptio,
702 2259 773 2301 euru
796 2235 955 2301 neminem
979 2239 1053 2300 ante
1076 2258 1126 2300 me
1142 2236 1299 2319 reperiam

142 2343 199 2428 qui
223 2342 273 2407 vel
296 2342 455 2407 modicum
478 2343 517 2407 de
540 2363 577 2407 eo
600 2341 780 2426 scripserit,
815 2345 848 2406 et
870 2339 1002 2406 effeetus
1025 2361 1161 2426 mugnus
1190 2341 1225 2405 in
1248 2363 1298 2406 me

141 2447 186 2512 sit
209 2447 293 2512 olere
323 2447 361 2512 de
384 2470 421 2512 eo
448 2447 608 2513 disserere.
655 2444 727 2511 Soio
749 2447 834 2512 enim
858 2450 939 2512 leste
961 2444 1136 2532 Jeronymo
1165 2447 1200 2511 in
1222 2467 1298 2530 pro·

142 2551 220 2638 logo
244 2556 317 2617 unte
339 2553 458 2618 librum
481 2553 519 2618 de
540 2551 731 2617 illustribus
744 2553 831 2633 viris,
856 2553 938 2638 quod
963 2552 1119 2636 pessimus
1142 2552 1296 2636 magister

141 2662 191 2722 est
214 2657 310 2722 homo
332 2660 399 2722 met
420 2656 481 2721 sibi
503 2658 537 2720 in
553 2657 782 2742 compositione
798 2657 953 2722 librorum
976 2662 1008 2722 et
1031 2656 1168 2721 maxime
1190 2655 1295 2721 oroni-

140 2783 270 2842 esrum‚
303 2785 387 2828 nova
409 2763 493 2828 enim
516 2763 628 2828 endere
649 2761 788 2828 formido
812 2764 909 2828 etium
936 2785 973 2828 ex
998 2761 1157 2826 veteribus
1181 2761 1296 2827 verbis.

141 2866 266 2933 Verum
288 2866 364 2952 quin
386 2865 480 2932 aliter
502 2865 683 2933 iaciendum
705 2889 769 2932 non
792 2867 930 2946 invenie,
953 2889 1026 2932 oum
1045 2865 1247 2950 indulgentia
1263 2867 1296 2932 id

141 2972 277 3060 aggredi
299 2993 467 3056 praesumo.
514 2970 615 3037 Porro
636 2971 874 3052 indifferenter,
897 2994 969 3036 oum
991 2971 1030 3036 ‹le
1053 2969 1150 3036 Ulmo
1172 2971 1297 3056 loquor,

141 3077 316 3144 nominabo
339 3099 408 3143 enm
430 3077 550 3158 urbem,
574 3077 747 3159 eiulatum,
763 3077 925 3163 oppidum,
942 3075 1061 3156 villam,
1078 3079 1228 3155 oestrum,
1245 3099 1298 3142 ea-

141 3185 284 3264 slellum‚
307 3183 446 3268 burgum
469 3183 644 3264 otricum,
674 3205 746 3248 cum
769 3183 797 3248 ei
821 3183 929 3247 omniu
950 3181 1008 3246 illa
1029 3182 1161 3245 nomina
1183 3201 1298 3248 eonve-

141 3292 245 3356 uiant.

230 3397 292 3462 Est
314 3396 398 3462 enim
422 3393 520 3463 Ulmo
542 3394 633 3476 urbs,
665 3399 761 3482 prout
783 3395 859 3460 urbs
890 3393 930 3460 ab
953 3393 1031 3461 orbe
1053 3392 1189 3475 dieitur,
1222 3391 1298 3478 quin

141 3503 368 3587 tumentique
400 3523 497 3586 quam
526 3501 678 3567 moderno
701 3499 797 3568 Ulmo
819 3501 998 3566 orbiculata
1030 3503 1063 3566 el
1089 3501 1227 3565 rotunda
1249 3505 1298 3565 est

141 3615 174 3676 et
197 3607 290 3696 quasi
312 3609 346 3673 in
368 3607 519 3673 circulum
544 3607 687 3674 deductu.
733 3605 808 3673 Non
831 3612 938 3673 tumen
961 3607 1055 3672 debet
1072 3606 1150 3671 urbs
1173 3607 1297 3691 simpli·

140 3717 221 3782 oiler
243 3715 312 3780 siue
334 3714 551 3780 additamento
574 3713 636 3780 diei
658 3715 720 3778 nisi
743 3715 811 3779 solu
835 3712 947 3794 Romu,
972 3733 1043 3798 quae
1060 3735 1184 3797 semper
1199 3712 1295 3777 intel-

140 3821 256 3910 ligitur
277 3819 406 3910 quando
429 3815 505 3885 urbs
528 3823 655 3884 tuntum
677 3819 809 3904 ponitur
832 3819 880 3901 (ut
895 3817 1034 3883 hebetur
1053 3817 1091 3883 de
1106 3817 1297 3903 poenitentia

141 3933 174 3994 et
196 3925 382 3994 remissione
416 3947 442 3990 o.
473 3925 667 4012 significavit
679 3926 713 4011 ¹).
760 3923 794 3990 Si
817 3929 924 3990 autem
946 3924 1023 3990 urbs
1050 3924 1091 3988 ab
1113 3924 1229 3988 urbure
1251 3923 1297 3988 di-

140 4035 235 4113 citur,
259 4031 358 4098 Ulmo
379 4031 459 4096 bene
481 4031 558 4096 urbs
582 4032 776 4110 nominetur,
801 4030 885 4116 quod
908 4033 1018 4095 aratro
1041 4029 1123 4094 sicut
1146 4028 1227 4094 uliae
1243 4050 1297 4093 ur·

139 4139 196 4205 bes
219 4136 362 4204 diffinita
384 4135 533 4218 ereditur,
557 4137 672 4202 urbere
695 4137 780 4202 enim
803 4135 919 4201 dieitur
943 4139 1050 4200 aratro
1077 4133 1220 4201 diffinire
1241 4155 1298 4218 per

712 4281 729 4322 *

213 4381 227 4439 l
247 4387 279 4441 ut
297 4383 401 4441 hubetr
419 4381 454 4438 de
466 4399 501 4454 pe
513 4385 542 4439 el
554 4401 583 4440 re
602 4400 617 4438 o
633 4381 812 4454 significarit.
839 4379 912 4438 Mon.
932 4381 956 4437 2.
993 4379 1028 4436 de
1047 4377 1135 4452 penit.
1149 4389 1178 4434 eu
1191 4375 1297 4434 remim.

141 4469 211 4532 oon
229 4475 260 4530 et
278 4473 363 4530 Wibl.
401 4471 456 4528 llus
474 4469 546 4528 eitut
564 4471 658 4528 haben
677 4471 756 4527 nieht
776 4469 876 4525 Sohud.
900 4469 948 4524 nh.
968 4469 1011 4524 Kl.
