2996 4924
657 323 702 424 'rs

260 531 306 598 De
331 531 401 596 loco
424 531 493 596 nati
516 531 617 615 pueri,
640 533 685 596 sio
706 530 736 596 ei
758 529 915 595 dicentear

262 627 344 704 »Ubi
367 641 425 715 est,
449 636 504 720 qui
527 640 622 701 natus
645 639 693 701 est
716 658 771 700 rex
793 633 887 700 Iudee
909 637 1025 720 gentis,

258 743 354 808 Cuius
376 741 504 807 stellam
528 742 661 806 vidimus
683 741 716 806 in
739 741 833 808 terris
856 741 1013 806 orientis?

180 869 232 906 ²⁰⁷⁰
259 850 341 914 Eum
364 848 495 914 adorare
516 869 574 912 nos
597 870 669 912 cum
689 869 819 912 munere
842 845 996 926 venimus,

257 953 346 1030 Quod
369 953 437 1037 ipse
459 975 515 1018 rex
537 957 585 1018 est
608 953 750 1018 omnium
772 953 950 1018 seculorum
972 953 1117 1017 scimus«

258 1057 398 1124 Herodes
421 1079 476 1122 rex
499 1057 615 1122 auditis
639 1056 689 1122 bis
712 1057 826 1122 timens
849 1058 1045 1136 ammiratus,

256 1163 366 1228 Omnis
387 1161 572 1228 Ierosolima
594 1185 666 1227 cum
687 1163 757 1247 ipso
780 1162 998 1227 conturbatur.

257 1267 439 1354 Interrogat
461 1267 625 1353 pontifices
647 1268 703 1334 ubi
725 1267 905 1334 nasciturus

180 1393 231 1431 ²⁰⁷⁶
256 1375 400 1440 Christum
421 1375 474 1453 sit,
497 1375 553 1459 qui
574 1372 673 1440 Israel
695 1374 757 1439 erIt
778 1373 1007 1457 redempturus.

257 1479 318 1556 Qui
340 1479 555 1564 respondent:
582 1477 798 1556 »Bethlehem
823 1477 993 1560 secundum
1017 1475 1211 1561 prophetias,

258 1582 341 1659 Quas
364 1583 559 1667 scripserunt
580 1580 738 1660 Ieremias,
764 1584 870 1661 Amos,
895 1581 1038 1648 Ysaias.‹

259 1687 348 1754 Timo
369 1689 417 1754 ait
437 1690 561 1774 mgb:
592 1687 659 1754 »Ite
683 1711 738 1754 vos
760 1693 793 1755 et
814 1690 1020 1776 interrogate,

259 1791 402 1860 Sollicite
422 1796 461 1860 de
483 1816 591 1878 puero,
613 1795 756 1879 mihique
777 1795 933 1873 nuntiate,

182 1916 234 1955 ⁹⁰⁸⁰
259 1897 306 1965 Ut
328 1902 362 1964 et
381 1920 442 1985 ego
465 1901 593 1966 veniens
615 1901 720 1985 ipsum
743 1901 874 1966 adorare

259 2005 390 2084 Possim,
418 2025 490 2072 mea
511 2027 643 2072 munera
665 2007 789 2090 sibique
811 2007 1020 2089 presentare«

261 2111 390 2198 Egressi
412 2134 490 2198 ergo
513 2112 637 2178 stellam
659 2135 693 2178 se
715 2112 879 2197 precedere
900 2109 1061 2186 videbant,

260 2215 361 2293 Quam
384 2218 525 2284 videntes
547 2219 667 2304 gaudio
687 2219 827 2284 maximo
850 2216 1040 2303 gaudebant.

260 2320 319 2387 Sed
343 2327 375 2388 et
397 2322 455 2388 hee
477 2324 626 2406 precessit
648 2345 699 2389 eos
722 2327 755 2390 et
778 2323 881 2388 locum
903 2319 1151 2398 demonstrabat,

185 2445 236 2484 ω
261 2425 326 2492 Ubi
349 2451 427 2511 puer
448 2426 541 2494 Jesus
564 2433 633 2494 erat
655 2432 687 2494 et
707 2450 803 2512 supra
824 2429 953 2494 domum
975 2425 1091 2491 stabat.

258 2529 417 2598 Intrantea
438 2532 567 2598 domum
591 2555 724 2617 puerum
746 2531 857 2598 Jeaum
878 2532 1068 2596 invenerunt

259 2635 338 2701 (lum
361 2636 464 2702 lllaria
485 2642 587 2704 matre
609 2660 678 2716 sua,
701 2659 795 2723 quem
819 2638 1039 2702 adoraverunt.

261 2739 389 2826 Apertis
411 2743 476 2808 suis
499 2743 623 2808 scriniis
647 2743 833 2809 obtulerunt
853 2743 883 2808 ei

262 2843 396 2924 Aurum,
419 2847 549 2912 mirram
571 2851 667 2931 atque
689 2846 765 2911 thus
788 2849 951 2930 tamquam
974 2846 1032 2910 deo
1054 2845 1132 2930 regi.

187 2970 239 3008 που
264 2949 388 3016 Annum
409 2951 541 3017 mirram
564 2957 660 3036 etque
682 2953 758 3018 thus
781 2951 900 3038 singuli
924 2952 1085 3029 dederunt,

263 3055 328 3122 llec
349 3057 413 3122 tria
435 3057 539 3142 quivis
561 3056 690 3136 obtulit,
713 3079 787 3122 nam
811 3057 935 3122 mistica
958 3056 1099 3122 luerunt.

259 3159 351 3226 Jeaus
375 3183 453 3246 puer
476 3162 643 3226 videbatur
665 3183 778 3226 manus
802 3161 934 3239 elevare,

259 3265 303 3331 Et
324 3271 371 3331 est
393 3265 479 3332 visus
503 3267 594 3352 quasi
617 3289 732 3331 munus
753 3266 881 3331 illorum
905 3269 1075 3350 acceptare.

259 3371 343 3436 Nam
366 3371 406 3435 ad
428 3393 481 3436 eos
504 3393 636 3436 manum
658 3393 748 3436 suam
771 3371 932 3436 dexteram
955 3371 1064 3446 erexit,

184 3497 234 3533 ποοῦ
262 3476 436 3561 Tamquam
462 3477 547 3561 ipsos
570 3477 756 3542 benedicens
779 3477 818 3540 ad
841 3499 955 3560 eosque
979 3477 1124 3560 respexit.

261 3583 361 3648 Marie
384 3603 457 3648 vero
479 3582 618 3667 plurima
639 3604 772 3646 munera
794 3582 978 3646 tradebant:

260 3687 417 3766 Gemmas,
443 3689 581 3771 byssum,
604 3709 777 3772 purpuram
801 3689 964 3771 ipsamque
986 3686 1147 3750 decebant.

259 3791 379 3877 Josepb
401 3795 439 3858 ut
461 3793 641 3858 nutricium·
657 3793 790 3858 infantis
814 3792 1026 3868 honorabant,

263 3897 310 3961 Er
333 3901 467 3982 argento
489 3921 622 3964 munera
643 3898 778 3982 pulchra
799 3899 860 3963 sibi
884 3897 1012 3962 dabant.

184 4021 236 4058 2¹0⁰
261 4001 365 4087 Ipsam
390 4002 511 4087 Josepb
532 4003 565 4068 in
589 4007 709 4070 secreto
732 4023 872 4068 seorsum
896 4005 1113 4078 convocantes,

261 4105 312 4172 Ab
335 4127 434 4192 eoque
456 4109 494 4174 de
516 4111 606 4193 pueri
629 4113 715 4174 statu
739 4113 988 4193 perscrutantea;

263 4210 342 4295 Ipsis
365 4213 420 4297 qui
440 4213 618 4278 misterium
637 4217 742 4278 totum
765 4213 931 4290 referebat,

265 4315 306 4380 Et
328 4341 394 4382 esse
416 4323 549 4383 matrem
573 4320 661 4403 pueri
686 4319 842 4402 virginem
865 4319 999 4382 dicebat.

266 4419 392 4490 Reuerai
414 4425 550 4490 suntad
574 4447 705 4511 puerum
727 4447 852 4492 rursum
876 4424 1042 4490 adorantes
