3060 4936
668 367 729 432 173

84 538 87 552 '
128 545 248 610 tradita
271 548 368 624 esset,
401 547 432 610 et
454 544 571 628 passim
604 541 788 608 monasterii
820 541 905 606 bona
935 539 1201 625 dilapidarentur,
1225 562 1275 604 re·

126 651 370 716 verendissimus
385 650 419 713 in
434 647 562 714 Christo
579 648 723 713 dominus
741 645 853 712 Petrus
869 646 1039 710 cardinalis
1064 650 1096 710 et
1111 646 1274 730 episcopus

123 756 342 840 'Augustensis
365 756 540 820 conabatur
563 753 642 818 illud
665 752 838 818 reformare
853 751 1068 835 superioribus
1092 752 1191 817 annis.
1222 751 1276 816 sed

126 860 349 926 difficultatem
372 860 479 926 videns
503 861 634 926 destitit
681 858 803 924 Deinde
823 863 895 943 post
918 857 1042 922 obitum
1058 855 1134 921 dieti
1157 857 1277 922 domini

128 965 298 1030 cardinalis
328 965 517 1030 venerabilis
559 966 608 1029 vir
645 965 790 1029 dominus
820 961 959 1028 Joannes
994 962 1032 1026 de
1069 959 1276 1048 Werdaberg‚

127 1091 288 1135 successor
303 1071 423 1136 domini
438 1070 606 1135 cardinalis
622 1070 656 1134 in
669 1071 851 1155 episcopatu
866 1069 1073 1154 augustensi,
1089 1067 1275 1134 insolentias

125 1177 255 1242 illorum
288 1176 517 1242 monachorum
545 1175 676 1241 sufferre
706 1197 769 1239 non
801 1174 925 1252 valens,
955 1174 1077 1257 accepit
1106 1173 1275 1240 monachos

126 1265 319 1348 reformatos
342 1283 381 1346 de
403 1283 595 1346 monasterio
623 1281 724 1345 saneti
748 1277 917 1345 Udalrici¹
947 1279 980 1342 in
1004 1278 1154 1363 Augusta
1184 1280 1277 1345 etde

128 1387 323 1452 monasterio
355 1385 553 1474 Elchingen‚
591 1407 705 1471 eosque
743 1387 777 1450 in
809 1383 1007 1449 Ottenbtren
1041 1384 1207 1449 transtulit
1237 1385 1276 1448 ad

130 1491 368 1558 reformandum
402 1493 506 1557 locum
539 1513 610 1556 aum
642 1491 768 1556 abbatis
803 1489 988 1554 monasterii
1019 1510 1188 1566 consensu,
1223 1491 1275 1554 sed

127 1597 276 1662 monachi
293 1597 495 1682 impatientes
518 1596 693 1682 disciplina
709 1597 810 1662 redire
831 1594 894 1660 sibi
909 1595 1020 1660 missos
1043 1596 1076 1658 in
1092 1617 1150 1660 sua
1166 1615 1276 1659 mona·

126 1704 226 1770 steria
248 1709 430 1792 coegerunt.
475 1705 616 1771 Tandem
633 1727 682 1770 res
698 1705 754 1769 illa
777 1704 816 1769 ad
841 1703 944 1768 sedem
961 1698 1167 1784 apostolicam
1181 1701 1276 1764 devo-

125 1809 299 1890 latescit,
331 1813 364 1875 et
386 1811 501 1876 missus
524 1815 572 1876 est
594 1811 743 1894 proprius
766 1810 891 1894 legatus
918 1830 975 1892 per
998 1827 1114 1890 papam
1137 1804 1177 1869 ad
1200 1801 1383 1881 visi-mffit„

125 1915 260 1980 tandum
283 1921 474 1982 conventum
495 1921 528 1981 et
550 1917 576 1980 si
600 1917 684 1981 foret
706 1937 848 1994 neeesse,
880 1915 919 1978 ad
943 1911 1187 1977 reformandum.
1213 1931 1276 1994 quo

127 2023 266 2105 utroque
288 2026 416 2104 peracto
440 2025 513 2106 post
536 2021 653 2086 multas
677 2021 875 2086 turbationes
899 2023 932 2084 et
953 2037 1105 2102 expensas
1129 2013 1275 2080 monachi

127 2123 383 2210 derelinquentes
407 2127 633 2191 monasterium
649 2127 851 2212 vagabantur
873 2147 929 2209 per
952 2123 1096 2188 civitates
1120 2125 1152 2186 et
1175 2119 1276 2198 villas,

128 2233 163 2294 et
185 2229 219 2293 in
243 2231 446 2315 explicabiles
470 2231 630 2302 faciebant
652 2251 804 2315 expensas
835 2234 867 2295 et
888 2227 1086 2294 conabantur
1108 2223 1275 2290 Saiceros¹

127 2339 243 2398 contra
258 2336 485 2400 monasterium
499 2335 638 2400 educere.
663 2341 695 2400 et
709 2335 837 2400 infinita
848 2335 931 2399 mala
947 2337 1022 2398 sunt
1032 2337 1112 2397 aeta.
1136 2331 1277 2396 Tandem

126 2443 236 2504 autem
260 2439 359 2504 abbas
383 2441 533 2525 antiquus
556 2440 637 2506 obiit
667 2446 700 2506 et
721 2463 804 2506 unns
826 2441 926 2505 frater
953 2439 991 2503 de
1013 2437 1192 2521 Elcbingen
1214 2436 1276 2500 rite

125 2547 160 2608 et
184 2543 343 2610 ordinarie
371 2546 403 2610 in
435 2546 583 2611 abbatem
613 2545 780 2631 praefectus
810 2546 881 2611 fuit.
930 2547 999 2623 Quo
1031 2565 1097 2608 non
1128 2543 1276 2607 obstante

125 2648 276 2714 monachi
298 2653 389 2714 extra
401 2649 612 2716 discurrentes
628 2650 811 2736 conglobati
834 2652 867 2714 in
885 2650 1021 2735 quodam
1037 2647 1177 2734 bospitio
1192 2647 1277 2712 inter

125 2775 161 2819 se
185 2753 334 2821 abbatem
356 2757 520 2841 elegerunt
543 2755 612 2820 sine
633 2755 711 2821 iuris
727 2756 831 2820 forma
854 2758 886 2820 et
908 2755 1089 2819 autoritate.
1114 2757 1146 2818 et
1170 2753 1204 2817 in
1227 2752 1277 2817 his

126 2858 279 2925 omnibns
302 2859 593 2946 augmentabantur
615 2881 761 2945 expensa
784 2861 920 2947 grandes
944 2859 1035 2924 valde
1050 2881 1144 2944 super
1165 2879 1277 2923 mona·

125 2963 272 3029 sterium.
318 2964 395 3031 Post
424 2966 484 3031 hoe
519 2967 647 3031 tandem
678 2967 742 3032 dux
772 2965 927 3051 Georgius
961 2965 1102 3030 Bararus
1132 2964 1278 3047 episcopo

128 3069 329 3154 Augustenri
351 3069 497 3151 infestus,
520 3073 578 3136 sub
601 3073 703 3155 specie
725 3073 853 3156 pietatis
877 3076 1029 3156 tanquam
1049 3070 1277 3135 monasterium

124 3174 242 3240 melius
265 3174 493 3240 reformaturus
522 3177 750 3241 monasterium
773 3177 907 3256 invasit,
938 3179 970 3241 et
1001 3176 1131 3260 expulso
1163 3173 1278 3238 abbate

126 3279 305 3346 reformata
312 3281 479 3346 destruxit.
495 3287 622 3346 mortuo
631 3287 736 3346 autem
745 3283 892 3366 episcopo
902 3281 1097 3367 augustensi
1105 3279 1275 3346 reverendo
1289 3275 1376 3373 giga&

126 3384 259 3452 domino
274 3384 398 3451 Joanne
423 3387 461 3452 de
478 3385 684 3474 Wesenberg,
705 3391 738 3453 et
760 3387 908 3452 instituto
931 3385 1102 3451 reverendo
1118 3383 1278 3450 Friderico

127 3491 168 3555 sle
185 3489 394 3556 Hoohenzorn
407 3491 432 3572 ⁸,
456 3493 519 3558 dux
543 3491 694 3577 praefctus
708 3493 935 3558 monasterium
958 3493 992 3556 in
1006 3512 1119 3556 manus
1142 3491 1279 3575 episcopi

128 3596 289 3673 restituit,
319 3599 351 3661 et
373 3596 472 3664 abbas
494 3599 528 3662 in
551 3621 643 3664 suum
667 3597 894 3663 monasterium
918 3597 1063 3662 reduetus
1086 3595 1158 3662 fuit.
1204 3595 1278 3661 Non

126 3701 195 3766 vidi
211 3701 430 3784 pretiosiorem
445 3703 591 3783 infulam,
608 3725 665 3769 nec
680 3703 874 3787 pastoralem
888 3702 1038 3768 baculum
1054 3702 1279 3787 pulchriorem,

126 3827 226 3890 quam
242 3805 340 3871 abbas
356 3807 442 3872 illius
457 3809 642 3874 monasterii
657 3809 764 3873 habet.
789 3831 845 3873 nee
861 3809 968 3874 andivi
992 3809 1024 3873 in
1043 3809 1150 3893 aliquo
1168 3829 1279 3873 mona-

125 3909 226 3977 sterio
249 3911 395 3978 meliores
418 3917 450 3979 et
471 3914 607 3979 maiores
630 3936 799 3999 campanas
811 3914 833 3979 ⁴.

696 4040 714 4080 a:

201 4119 214 4172 1
237 4117 361 4174 Uldariei
380 4119 440 4176 Soh.
459 4121 502 4175 Kl.
522 4121 627 4176 Schml
666 4120 778 4176 Udarici
798 4121 887 4174 Wibl.
904 4119 994 4184 (nicht
1012 4119 1114 4187 Schm.)
1181 4117 1279 4172 aewi-

126 4225 207 4264 oeros
226 4205 300 4263 Mon.
321 4209 343 4262 l.
362 4207 443 4264 (told.
463 4212 503 4264 ut.
582 4211 598 4264 3
617 4207 782 4265 Hohenzorn
801 4207 862 4262 Seb.
883 4205 925 4260 Kl.
946 4205 1030 4261 Wibl.
1050 4205 1141 4262 Sabor.
1162 4207 1235 4265 Mon.
1256 4207 1280 4260 1.

127 4291 208 4350 Gold.
230 4297 270 4350 ut.
342 4297 531 4368 erumperes
550 4300 602 4354 eto.
621 4295 695 4354 Mon.
716 4297 738 4356 1.
757 4295 815 4350 und
834 4293 919 4350 Wibl.
939 4293 1017 4348 nicht
1035 4293 1115 4348 Gold.
1135 4297 1173 4346 nt.
