2996 4924
791 341 834 406 64

403 519 508 604 Atque
530 517 715 582 secretarius
738 517 805 582 eius
827 517 1015 582 sanctitatis.

323 645 374 681 1⁷00
392 625 481 690 ·Cum
503 624 589 688 omni
611 623 787 687 reverentia
809 623 921 706 deique
942 621 1056 686 timore

402 727 508 794 Servit
529 729 595 812 ipse
617 728 718 792 Maris
739 732 828 792 casto
850 749 922 792 oum
945 747 1060 792 amore.

414 1047 468 1118 De
496 1049 600 1118 stetu
628 1047 783 1140 virginis
809 1048 897 1140 post
922 1043 1214 1138 conceptionem.

400 1253 574 1338 Postquam
597 1255 688 1339 virgo
709 1253 813 1318 Maria
834 1253 977 1337 concepit
999 1251 1188 1318 salvatorem

400 1359 540 1423 Tantum
562 1359 591 1423 ei
614 1359 759 1424 dominus
782 1359 919 1423 contulit
941 1359 1149 1443 splendorem,

400 1462 489 1538 Quod
512 1485 551 1527 ex
573 1463 639 1528 eins
662 1463 759 1528 oculis
782 1464 863 1528 redii
885 1463 1054 1544 fulserunt,

324 1585 375 1622 uos
402 1567 462 1643 Qui
484 1591 552 1633 eam
574 1569 766 1634 intuentium
789 1570 892 1634 visum
915 1571 1145 1654 percusserunt,

402 1671 491 1746 Quod
515 1671 635 1758 Joseph
658 1673 740 1738 hanc
763 1674 916 1759 respicere
938 1674 1024 1738 ultra
1046 1695 1109 1737 non
1131 1668 1267 1748 valebat,

401 1776 468 1842 Nec
489 1779 523 1841 in
545 1801 614 1842 eam
636 1779 750 1863 aliquis
773 1781 822 1844 vir
843 1779 950 1844 oculos
972 1778 1101 1864 figebat.

400 1881 439 1946 In
461 1882 588 1948 domum
611 1907 700 1948 snam
724 1884 910 1951 Bethlehem
933 1883 1054 1968 Joseph
1075 1883 1269 1966 disponente,

372 2014 378 2032 ·
400 1987 490 2064 Quod
513 1987 649 2054 Mariam
672 1990 808 2068 duceret,
832 1994 967 2074 utroque
989 1989 1028 2053 de
1049 1991 1179 2072 parente

324 2110 375 2148 1⁷10
402 2093 572 2180 lineretur,
596 2098 632 2158 ut
654 2117 722 2158 eam
745 2095 790 2158 ibi
812 2115 996 2178 permanere

404 2197 464 2261 Per
486 2203 611 2282 tempus
626 2199 719 2292 'sinat
741 2199 871 2283 aliquid,
895 2203 931 2263 nt
953 2198 1055 2282 possit
1076 2197 1121 2262 sic
1143 2198 1240 2262 latere

316 2315 320 2324 '
400 2303 479 2368 Eius
501 2309 611 2388 partus
634 2309 701 2368 tam
723 2309 877 2381 maturus,
901 2325 941 2368 ne
962 2302 1172 2387 suspicionem

401 2409 451 2473 Ex
473 2408 533 2473 hoc
555 2413 683 2474 sumant
705 2409 805 2473 invidi
827 2409 877 2474 vel
900 2410 1104 2488 occasionem,

402 2513 606 2598 Conceptioni
629 2515 763 2600 virginis
785 2519 893 2580 sancte
916 2513 1111 2591 detrahendi,

327 2637 378 2673 ¹⁷1⁶
405 2617 455 2681 Ex
477 2619 624 2702 opinione
649 2619 734 2684 mala
756 2620 947 2705 sinistraque
968 2619 1127 2704 loquendi.

402 2721 492 2788 Tunc
513 2722 633 2807 loseph
655 2725 689 2787 in
711 2723 871 2789 Nazareth
895 2725 1021 2789 domum
1044 2723 1250 2808 comparavit,

402 2827 445 2890 nt
467 2851 556 2892 suam
579 2829 613 2892 in
636 2829 821 2896 Bethlehem
844 2830 915 2894 aliis
938 2830 1063 2908 locavit,

403 2931 532 2996 Monens
554 2933 599 2996 ibi
621 2935 719 3000 donec
741 2941 852 3018 partus
875 2935 1008 3020 virginis
1029 2934 1189 3008 instabat3

401 3035 465 3120 Ipsi
489 3037 571 3101 sicut
592 3038 701 3124 debuit
722 3039 834 3103 devote
857 3037 1070 3102 ministrabat.

577 3357 630 3430 Dc
657 3358 861 3430 nativitate
887 3355 953 3429 filii
981 3358 1049 3430 dei.

325 3581 374 3619 1²2⁰
402 3561 462 3629 Sed
484 3585 555 3628 cum
578 3563 627 3628 dei
650 3563 709 3628 filii
730 3569 856 3648 tempus
878 3565 942 3630 iam
965 3565 1113 3630 nascendi

402 3667 542 3732 Venerat
563 3671 596 3732 et
618 3669 751 3754 virginis
774 3669 854 3735 hora
876 3669 1020 3754 pariendi

400 3770 485 3837 leret
507 3772 541 3836 in
564 3772 751 3838 Bethlehem
773 3773 893 3860 Joseph
915 3797 987 3840 cum
1010 3776 1122 3854 Maria,

404 3877 467 3944 Ubi
490 3877 582 3943 Jesus
605 3879 745 3944 nascitur
767 3885 904 3946 testante
926 3881 1103 3967 prophetia.

401 3980 472 4067 Ipse
494 4005 598 4049 seeum
622 3986 745 4050 asinum
768 3985 942 4071 bovemque
967 3986 1109 4066 ducebat,

324 4106 376 4144 rus
402 4086 504 4174 Virgo
526 4113 600 4154 nam
623 4092 656 4155 in
679 4091 768 4156 asino
791 4094 924 4178 gravida
945 4093 1082 4158 sedebat.

401 4193 545 4259 Vendere
566 4195 722 4280 disposuit
744 4198 830 4264 ahud
852 4199 1028 4264 iumentum

807 4341 825 4380 *

317 4419 384 4478 1Ἱο4
403 4418 421 4472 Ζ
440 4417 586 4476 fluxerunt.
