3014 4926
690 359 732 430 93

289 537 432 626 Vimque
454 561 526 606 cum
548 538 649 606 altero
670 540 827 606 residente
849 543 960 606 matre.

288 644 319 710 A
341 647 485 732 cognatis
509 651 606 732 atque
625 641 712 712 'nous
734 644 856 730 Joeeph
877 651 910 710 et
932 645 1036 710 Maria

204 766 262 806 ¹⁶1⁵
290 749 434 836 Benigne
455 750 672 834 suscipiuntur
693 771 765 814 cum
788 747 865 814 Jasu
888 750 977 834 prole
999 749 1061 835 pia

287 854 453 922 Annorum
478 859 549 922 octo
571 853 665 920 Jeeus
688 859 766 935 erat,
790 859 827 918 nt
851 854 986 940 legimus
1009 855 1043 920 in
1066 855 1195 939 scripto,

288 958 421 1037 Quando
444 963 531 1026 venit
552 959 713 1026 Nazareth
734 982 878 1026 reversus
899 984 938 1026 ex
961 960 1100 1046 Egyptc.
1155 975 1158 982 ·

288 1063 553 1160 ibiquemanene
575 1067 609 1130 in
631 1069 716 1132 etate
736 1065 873 1150 profecit
895 1070 927 1130 et
946 1066 1075 1146 virtute,

287 1170 396 1256 Atque
417 1173 573 1256 sapientia
594 1193 666 1236 cum
688 1172 775 1238 omui
797 1173 959 1238 servitute.

204 1294 262 1332 κω
289 1273 446 1342 Omnibus
467 1276 650 1342 hominibus
674 1299 707 1342 se
729 1275 805 1342 fecit
827 1277 1025 1362 gratiosum,
1074 1274 1076 1280 '

289 1381 448 1447 Dilectum
472 1387 504 1448 et
526 1383 695 1448 amabilem
717 1387 750 1450 et
772 1383 866 1448 nimie
890 1403 1080 1448 amoroaum.

288 1486 375 1552 Nam
395 1510 486 1553 suam
508 1488 776 1573 pulchritudinem
798 1489 904 1552 cuncti
926 1488 1135 1566 mirabantur,

290 1591 425 1679 Suisque
448 1593 588 1678 pulchris
610 1593 752 1660 moribus
775 1593 1082 1659 condelectabantur.

288 1697 334 1762 Et
355 1697 422 1764 eius
445 1698 659 1782 elequentiam
682 1699 787 1764 cuncti
809 1699 1082 1778 commendabant,

205 1821 262 1859 που
289 1800 448 1888 Suamque
470 1803 671 1888 prudentiam
693 1807 855 1888 stupentes
877 1803 1109 1870 collaudabant.

286 1906 372 1972 Nam
394 1909 429 1972 in
451 1911 537 1973 statu
560 1909 677 1993 puerili
699 1931 732 1974 se
755 1930 833 1992 puer
854 1909 954 1994 gessit
975 1909 1031 1986 ita,

292 2011 383 2090 Quod
405 2015 538 2079 excessit
559 2015 722 2080 uniuersos
743 2013 885 2079 moribus
909 2019 941 2078 et
962 2015 1038 2079 vita.

292 2117 370 2183 Fuit
391 2119 475 2184 euim
498 2120 624 2204 sapiens
647 2119 784 2204 prudeus
806 2123 839 2184 et
860 2119 1013 2184 discretus

291 2221 431 2293 Humilis
454 2227 486 2288 et
508 2223 641 2307 patiens,
662 2223 751 2288 mitis
773 2227 805 2288 et
826 2225 1020 2304 mansuetus,

85 2348 90 2359 ·
207 2347 265 2385 κιο
293 2327 417 2394 Diffusa
438 2327 503 2394 fuit
524 2329 631 2414 gratia
652 2328 686 2392 in
708 2327 801 2393 labiis
823 2328 932 2413 ipsius,

291 2433 449 2514 Affabilie,
472 2433 650 2498 tractabilis
671 2432 737 2498 fuit
758 2435 854 2519 atque
876 2433 957 2518 pius.

292 2537 433 2604 Dilectus
455 2543 525 2604 erat
546 2533 692 2603 omnibus
714 2560 793 2622 puer
814 2537 867 2602 hic
890 2538 1011 2618 beatus,

290 2641 437 2709 Maturus
460 2648 528 2708 erat
549 2643 691 2708 moribus
714 2647 746 2708 et
768 2643 1003 2728 disciplinatus3

291 2746 370 2813 Gom
392 2748 514 2835 plateas
537 2749 744 2834 pertransiret
766 2748 828 2814 sibi
849 2748 1065 2836 iungebantur

209 2869 266 2910 ππ
293 2851 405 2919 Totius
428 2853 503 2920 ville
525 2855 624 2939 pueri,
647 2877 721 2920 nam
744 2853 984 2920 delectabantur

291 2956 329 3023 lu
351 2981 410 3025 sua
431 2959 667 3045 pulchritudine
689 2981 743 3025 seu
767 2959 909 3044 gestibus
932 2960 1083 3040 honestis,

291 3063 340 3130 Ac
361 3066 395 3129 iu
418 3065 483 3130 suis
504 3065 646 3130 moribus
668 3064 802 3130 maturis
825 3067 857 3160 et
878 3065 1037 3130 modestis.

292 3166 376 3234 Nam
399 3169 529 3254 pulchre
551 3175 621 3236 erat
641 3169 732 3248 facie,
755 3169 858 3234 forma
880 3170 1047 3255 speciosus,

291 3273 335 3338 Et
357 3297 412 3359 pre
434 3277 555 3341 cunctis
578 3275 743 3340 bominum
765 3274 841 3339 liliis
863 3275 1030 3340 formosus.

219 3591 276 3665 De
304 3589 444 3666 invidia
470 3591 678 3696 Judeorum
705 3595 837 3666 eontra
863 3613 1020 3688 puerum
1047 3591 1192 3666 Jeeum.

208 3821 265 3858 mu
292 3799 401 3867 Jeeum
424 3799 485 3866 sibi
509 3801 598 3887 pueri
621 3821 726 3888 regern
751 3806 934 3868 statuerunt

295 3908 400 3993 Atque
421 3907 621 3973 domicellum
644 3929 752 3973 omnes
774 3907 859 3974 hunc
882 3907 1130 3992 appellaverunt.

293 4010 351 4077 Sed
374 4013 457 4078 aelus
480 4017 512 4078 et
534 4013 654 4078 invidia
675 4035 798 4098 semper
819 4013 896 4079 illuc
919 4013 1032 4092 tendit,

292 4115 336 4181 Et
357 4117 423 4182 alas
445 4141 517 4183 suas
541 4119 654 4203 impias
677 4141 714 4184 ao
736 4119 857 4184 amulae
879 4119 1031 4197 extendit,

293 4217 357 4286 Ubi
379 4221 464 4288 ridet
486 4223 622 4307 aliquem
645 4224 770 4288 culmen
793 4223 1013 4289 ascendentem

210 4343 267 4382 sus
294 4323 430 4390 Honoris
452 4331 547 4412 atque
569 4327 679 4412 glorie,
702 4349 756 4392 seu
781 4327 996 4418 proficientem

295 4427 458 4518 Dignitate
480 4431 530 4496 vel
552 4431 670 4498 virtute
692 4431 741 4498 uel
765 4455 890 4498 morum
912 4432 1089 4520 disciplina,
