2996 4924
801 346 842 410 62

328 537 380 576 1⁸³⁶
407 519 487 586 Eius
510 519 721 586 miserationis
743 520 825 585 sicut
848 525 896 586 est
919 523 1054 586 testatus

405 623 457 690 Ad
479 628 602 710 petrem
625 627 769 689 nostrum
792 622 958 690 Abrabam
980 629 1013 690 et
1034 624 1110 688 filiis
1132 624 1242 708 ipsius,

406 728 491 794 Nem
514 730 614 794 bonus
637 733 670 794 et
691 729 868 794 misericors
891 730 978 796 mitis
1001 733 1049 794 est
1070 733 1102 794 et
1124 729 1205 813 pius.

363 1047 467 1134 Quod
495 1047 636 1143 Joseph
664 1047 807 1121 invenit
834 1046 995 1119 Mariam
1023 1048 1284 1142 pregnantem.

407 1256 561 1324 Reversus
584 1254 704 1340 Joseph
726 1255 849 1322 invenit
870 1255 1006 1322 Mariam
1029 1256 1094 1322 iam
1118 1259 1338 1343 pregnantem,

406 1361 451 1426 Et
473 1384 541 1427 eam
564 1361 598 1424 in
621 1365 711 1426 utero
733 1382 866 1445 puerum
889 1365 1076 1446 gestantem.

329 1487 380 1523 roro
408 1465 620 1550 Obstupesoit,
642 1465 784 1547 territur,
808 1467 884 1551 quid
908 1466 1028 1532 lactum
1050 1467 1093 1532 sit
1115 1469 1259 1550 miratur,

406 1571 550 1650 Gemens,
574 1571 681 1636 dolens
705 1575 801 1657 atque
824 1574 948 1652 timens,
971 1573 1005 1638 in
1028 1573 1143 1658 spiritu
1165 1573 1315 1638 turbatur

405 1675 450 1742 Et
471 1699 534 1742 non
558 1677 660 1742 solum
682 1681 810 1762 propter
833 1683 1014 1744 retentum
1036 1679 1253 1759 contristatur,

408 1782 468 1850 Sed
491 1805 549 1867 pro
571 1805 629 1848 sua
651 1783 735 1847 dulci
758 1805 873 1867 sponsa
895 1783 999 1850 Maria
1021 1785 1204 1866 tribulatur,

407 1887 486 1954 (lum
508 1911 578 1954 eam
600 1909 672 1952 vere
694 1887 800 1952 scierit
822 1893 942 1954 castam
965 1894 1060 1975 atque
1081 1891 1242 1972 mundam,

330 2011 381 2050 1⁶⁴⁶
408 1992 558 2062 Nesciens
580 1993 656 2078 quid
679 1993 799 2058 factum
822 1995 865 2058 sit
887 1994 995 2060 videns
1017 1994 1100 2060 hanc
1122 1991 1300 2063 fecundam.

405 2098 569 2165 Invocavit
591 2099 763 2164 Dominum
786 2103 823 2163 ut
846 2121 882 2164 eo
906 2104 1039 2165 mortem
1062 2101 1162 2180 daret,

406 2203 466 2269 Vel
491 2205 530 2269 ab
554 2205 613 2268 hoo
637 2203 808 2288 opprobrio
831 2204 894 2270 cito
917 2205 1076 2270 liberaret.

406 2309 556 2376 Dolorem
579 2331 670 2374 suum
694 2312 834 2374 attamen
858 2309 987 2374 nolebat
1009 2309 1148 2376 indicare

406 2415 518 2494 Marie,
541 2437 580 2478 ne
601 2437 657 2498 per
679 2414 759 2478 illud
782 2412 864 2479 hanc
886 2414 1018 2499 incipiat
1040 2415 1178 2482 turbare.

331 2539 382 2578 1⁶⁶⁰
409 2519 453 2586 Et
475 2519 559 2584 cavit
580 2522 732 2602 qnantum
757 2517 872 2602 potuit,
896 2539 935 2582 ne
958 2518 1181 2602 publicaretur,

408 2623 458 2690 Ne
480 2647 537 2688 sua
559 2623 658 2688 duleis
681 2622 785 2688 Maria
806 2623 851 2688 sic
872 2621 1092 2691 infamaretur.

407 2729 469 2794 Pro
492 2729 599 2794 dolore
621 2729 719 2793 nimio
742 2729 883 2794 recedere
905 2729 1041 2809 volebat,

406 2835 450 2901 Et
472 2858 539 2900 eam
563 2834 740 2919 relinquere
762 2835 882 2900 occulte
904 2835 1101 2919 disponebat.

407 2939 556 3005 Dolorem
578 2937 698 3023 loseph
721 2939 824 3004 Maria
846 2960 1037 3025 cognoscens
1060 2941 1242 3005 consolatur

331 3064 381 3102 ¹⁶⁶⁵
407 3044 525 3130 Ipsum,
549 3067 620 3110 cum
644 3043 820 3128 virginibus
843 3043 893 3108 his
917 3048 1035 3128 septem
1059 3044 1120 3108 hoc
1142 3049 1289 3125 testatur,

407 3149 497 3227 Quod
520 3172 575 3234 per
597 3149 690 3214 deum
712 3149 831 3214 factum
853 3149 951 3214 sitin
973 3149 1044 3234 ipsa
1067 3151 1150 3234 quod
1173 3149 1330 3229 cernebat,

407 3255 451 3319 uc
473 3255 501 3319 ei
524 3277 579 3339 per
602 3255 744 3319 ordinem
766 3259 879 3320 cuncta
901 3254 1067 3320 referebat.

406 3360 557 3446 Virgines
579 3361 638 3425 hec
660 3361 768 3426 eadem
789 3361 964 3426 narrabant
987 3364 1170 3440 asserentes,

406 3467 507 3531 Marie
530 3465 745 3531 testimonium
768 3464 887 3530 bonum
909 3465 1119 3549 perhibentes,

331 3594 382 3631 reso
406 3571 563 3636 Dicebant
586 3572 686 3636 enim:
714 3571 834 3635 »Maria
857 3570 948 3655 virgo
971 3574 1019 3634 est
1040 3575 1072 3636 et
1093 3569 1220 3646 munda,

406 3677 450 3742 Et
472 3681 520 3742 cst
543 3681 693 3742 a'sancto
715 3675 831 3760 spiritu
852 3675 937 3740 facta
958 3698 1042 3740 nunc
1063 3675 1206 3752 fecunda,

407 3783 451 3848 Et
475 3805 638 3867 nunquam
661 3780 701 3846 ab
725 3781 831 3865 aliquo
853 3782 921 3846 viro
944 3781 1007 3846 luit
1029 3785 1123 3860 tacta,

408 3887 468 3952 Sed
492 3911 511 3952 a
533 3889 582 3952 dei
604 3887 671 3951 filio
694 3909 852 3972 pregnans
873 3891 941 3952 tam
963 3891 1011 3952 est
1032 3887 1126 3952 facta.

406 3993 450 4060 Et
471 4015 593 4078 semper
616 3993 656 4057 ab
680 3991 801 4078 angelis
823 3991 887 4057 fuit
909 3994 1074 4072 custodita,

329 4116 381 4154 1⁶⁰⁶
408 4097 595 4164 (lestitatem
617 4099 752 4185 diligens
776 4096 917 4164 moribus
940 4103 972 4163 et
994 4099 1082 4176 vita3

407 4204 536 4291 Semper
557 4205 621 4270 fuit
641 4227 843 4290 perseverans
865 4205 899 4269 in
922 4205 1074 4284 oratione,

813 4333 831 4371 *

321 4437 388 4492 1654
407 4433 430 4490 G
449 4433 591 4490 dimittere
609 4434 681 4486 statt
699 4431 863 4502 relinquere.
