3014 4926
617 333 620 341 ⁴
635 343 696 412 131

252 624 355 710 Quod
383 625 502 700 bestie
528 626 668 701 deserti
695 627 950 702 adoraverunt
977 628 1118 702 Jesum.

271 833 377 920 Atque
399 833 580 910 solitudinis
602 833 670 901 fere
692 837 862 917 venientes,

272 937 426 1005 Universa
448 939 549 1005 bestie
568 940 686 1006 deserti
709 947 941 1024 concurrentes,

269 1042 379 1110 Jesum
401 1043 564 1110 Christum
586 1046 762 1111 adorabant
784 1069 876 1112 suum
898 1051 1082 1126 creatorem,

190 1167 242 1206 πει
268 1147 400 1216 Necnon
423 1149 616 1216 exhibebant
639 1151 668 1216 ei
690 1173 783 1236 quem
804 1157 952 1237 poterant
974 1153 1137 1217 honorem.

268 1253 426 1331 Quamdiu
448 1254 567 1320 mansit
588 1255 622 1320 in
645 1256 768 1321 deserto
791 1279 897 1324 secum
919 1257 1128 1322 morabantur

267 1359 312 1426 Et
333 1381 533 1445 quocumque
555 1359 735 1427 declinabat
757 1362 861 1446 ipsum
884 1362 1108 1448 sequebantur,

268 1465 410 1552 Eiusque
433 1467 568 1552 vestigia
590 1466 753 1536 linxerunt
775 1467 956 1548 osculando,

265 1571 487 1652 aenean,
502 1571 740 1638 ammaum
754 1573 859 1658 ipsum
873 1551 1042 1652 nmio,

195 1695 246 1734 an
272 1676 458 1742 Alludentes
481 1677 672 1761 antepedes
694 1699 768 1742 suos
789 1699 823 1742 se
844 1677 1015 1756 iactabant,

268 1781 312 1847 Et
334 1781 487 1847 saltantes
509 1801 616 1846 coram
638 1803 676 1846 eo
698 1781 871 1868 gaudentes
892 1781 1091 1847 exultabant.

380 2095 434 2214 De
460 2117 630 2191 regressu
657 2095 749 2171 Jesu
777 2119 801 2170 a
827 2095 987 2170 deserto.

268 2302 422 2389 Egreoeus
442 2301 536 2368 Jesus
558 2325 579 2368 a
598 2303 724 2368 doeerto
746 2301 927 2368 Johannem
949 2299 1163 2388 baptizantem
1277 2369 1284 2380 ,

268 2407 380 2473 Adhuc
402 2407 524 2473 invenit
545 2408 579 2472 in
602 2405 742 2474 Jordane
763 2429 884 2474 necnon
907 2408 1131 2493 predicantem.

265 2510 426 2578 Johaunes
449 2510 559 2578 desum
580 2517 798 2582 transeuntem
820 2512 929 2578 ridens
951 2513 1181 2580 demonstravit

192 2635 240 2672 πω
264 2615 372 2702 Ipsum
394 2637 452 2682 suo
472 2617 576 2702 digito
598 2617 703 2682 dicens
725 2617 784 2682 hec
805 2617 970 2683 clamavit:

269 2721 368 2788 »Eoos
389 2743 482 2788 verus
503 2742 606 2807 agnus
629 2722 688 2802 dei,
712 2721 822 2786 mundi
844 2722 900 2807 qui
924 2726 1052 2806 peccata

271 2825 371 2893 Tollit
391 2830 488 2912 atque
508 2825 628 2892 scelera
648 2826 772 2893 relaxat
792 2829 1002 2912 perpetrata«

226 3139 326 3226 Quod
353 3141 513 3238 apostoli
540 3140 708 3215 adiuncti
734 3145 825 3215 suut
850 3141 943 3215 Jesu
971 3141 1130 3216 Christo.

267 3348 334 3416 Hec
353 3349 482 3435 quidam
505 3371 544 3416 ex
566 3349 728 3434 discipulis
750 3347 913 3415 Johannes
935 3349 1097 3414 audientes

266 3451 485 3539 Sequebantur
506 3453 645 3533 domino,
668 3451 849 3520 Johannem
873 3453 1096 3538 relinquentes.

193 3575 240 3614 πω
264 3557 312 3622 Ex
333 3558 384 3624 his
407 3559 462 3644 qui
481 3557 596 3626 Jesum
617 3559 831 3644 sequebantur
853 3558 996 3624 Andreas
1019 3558 1083 3624 fuit
1105 3581 1196 3638 unus,

265 3661 324 3740 Qui
347 3663 468 3748 primus
490 3663 699 3748 apostolicum
721 3667 770 3729 est
790 3668 977 3732 consecutus
998 3685 1123 3729 munus.

265 3766 326 3833 Hic
348 3768 480 3839 adduxit
500 3769 634 3834 fratrem
656 3791 749 3834 snum
771 3767 902 3835 Petrum
924 3768 1130 3854 appellatum,

266 3873 493 3958 Apostolorum
514 3874 566 3939 oni
586 3873 675 3940 dedit
696 3872 789 3940 Jesus
811 3873 1034 3959 principatum.

266 3975 349 4042 Hinc
370 3975 555 4063 Philippum
577 3979 616 4043 ad
637 4000 672 4044 se
693 3983 786 4072 vocat
807 3983 840 4044 et
863 3987 955 4043 natos
977 3975 1110 4044 Zebedei

195 4095 242 4134 ⁸²⁶⁶
266 4079 445 4148 Johannern
466 4087 563 4168 atque
584 4081 740 4148 Jsoobmn
761 4087 794 4149 et
815 4083 899 4149 filios
922 4083 1050 4168 Alphei.

266 4183 420 4253 «Iacobum
441 4191 474 4252 et
496 4185 666 4268 Simonem,
689 4186 807 4254 Judsm
830 4193 863 4253 et
885 4187 1061 4269 lintheum,

270 4289 373 4376 Atque
394 4291 550 4358 'rhomam
573 4291 734 4378 Dydinum
757 4299 790 4359 et
812 4293 1082 4372 Bartholomeum,

268 4391 395 4463 Necnon
417 4396 535 4464 Judam
556 4399 749 4482 proditorem
773 4400 811 4464 de
833 4398 989 4477 Scanoth,
1015 4402 1052 4463 ut
1074 4397 1187 4482 plenus

1003 4501 1047 4558 9*
