3080 4938
818 359 859 424 32

262 531 322 596 list
344 535 452 598 autem
478 534 554 598 urbs
577 533 610 598 in
626 533 776 599 circulum
794 534 929 600 deducta
943 535 977 600 in
993 539 1149 620 quantum
1163 543 1234 600 erat
1251 538 1411 621 possibile,

261 637 434 702 curvitates
457 640 553 703 etiam
576 639 693 704 multas
716 639 832 720 habet,
856 641 931 725 quia
953 641 1181 725 impedimenta
1203 642 1329 707 diversa
1351 645 1411 708 oir-

263 742 352 807 oulus
375 745 509 829 accepit,
534 749 603 810 tum
626 751 756 830 propter
783 747 1025 832 petrositatem,
1056 751 1125 812 tum
1153 748 1250 812 etiam
1282 753 1411 832 propter

263 847 525 933 uliginositatem.
572 851 754 936 Antequam
777 857 884 918 autem
906 852 1077 937 quiequam
1104 853 1332 932 aedilioaretur‚
1363 854 1410 918 fo-
1520 933 1521 942 ἵ

263 953 377 1020 derunt
407 977 600 1042 pergyrum
631 957 746 1022 vallem
778 961 835 1022 aut
864 957 1023 1042 profunda
1052 957 1194 1038 fossata,
1227 965 1260 1024 et
1293 964 1409 1025 terram
1520 955 1521 1018 l

263 1059 409 1124 effossam
427 1061 465 1126 ad
482 1061 635 1126 interiora
658 1061 779 1128 fossata
802 1064 942 1148 antiquae
965 1063 1105 1129 civitatis
1120 1068 1408 1148 oomportaverunt

263 1164 480 1230 Coemiterium
503 1167 655 1232 etiamad
678 1189 787 1232 omnes
811 1167 961 1246 Bouttos,
985 1169 1069 1253 quod
1093 1173 1169 1234 tuna
1191 1191 1256 1234 non
1278 1169 1327 1233 ita
1348 1167 1410 1232 ele·

262 1273 371 1336 vatum
395 1275 464 1336 erat
486 1271 541 1336 sed
564 1272 753 1352 demissum,
777 1274 860 1338 siout
891 1278 1016 1359 pratum
1048 1274 1305 1339 candidariorum
1327 1273 1410 1358 quod
1520 1333 1521 1354 p

262 1377 289 1440 ei
314 1375 454 1456 oohaesit,
478 1399 569 1442 muro
591 1378 759 1443 pinxerunt
782 1378 859 1458 alto,
883 1383 915 1444 at
937 1379 970 1444 in
993 1401 1119 1445 murum
1142 1383 1261 1444 terram
1283 1379 1323 1444 de
1348 1377 1410 1444 los·

262 1481 340 1546 satis
362 1487 643 1578 comportaverunt
665 1485 757 1570 qnasi
780 1485 885 1570 ipsum
902 1484 1083 1570 replentes,
1116 1489 1149 1550 et
1170 1485 1258 1550 tilias
1281 1483 1408 1550 arbores

263 1585 307 1650 ibi
331 1587 567 1670 plantaverunt.
613 1589 691 1654 Haeo
713 1591 752 1654 ad
777 1591 901 1656 oculum
927 1595 1038 1675 patent
1053 1591 1266 1658 consideranti
1284 1611 1409 1654 murum

263 1694 350 1755 terra
372 1693 528 1776 repletum
550 1699 582 1758 et
605 1695 818 1779 poliandrium
835 1697 929 1780 longe
951 1693 1113 1762 subterra
1129 1697 1221 1782 quasi
1243 1695 1408 1760 infossum.

263 1795 386 1862 Cratera
408 1820 482 1864 vero
504 1799 537 1864 in
554 1821 649 1885 agros
664 1801 920 1866 circumiacentes
936 1805 1222 1886 comportaverunt
1268 1797 1409 1864 Foesatis

264 1922 340 1986 ergo
363 1904 483 1986 paratis
506 1903 692 1990 inceperunt
714 1907 870 1990 paulatim
892 1929 1020 1972 murum
1042 1908 1213 1986 aedifioare,
1238 1904 1410 1990 multisque

166 2009 251 2090 ,ὥ
264 2007 356 2072 annis
378 2009 469 2074 stetit
491 2031 563 2076 cnm
585 2011 770 2096 imperfecto
792 2035 894 2092 muro,
918 2017 951 2078 et
973 2013 1006 2078 in
1029 2013 1074 2079 eis
1096 2013 1193 2090 locis,
1222 2011 1278 2075 nbi
1301 2030 1409 2073 murus

262 2111 399 2177 nondum
425 2117 511 2194 erat,
545 2115 633 2200 palos
664 2121 696 2182 et
725 2117 815 2202 ligna
835 2117 992 2196 fixerunt,
1026 2122 1060 2182 et
1081 2117 1184 2183 multa
1204 2115 1291 2181 bella
1313 2114 1409 2180 etiam

262 2217 346 2282 inter
377 2217 484 2304 lignea
513 2222 630 2288 moenia
662 2223 879 2308 pertulerunt,
908 2223 985 2308 quia
1017 2223 1108 2288 valde
1142 2221 1288 2306 inquieta
1319 2223 1409 2285 arant

262 2327 415 2407 tempora.
461 2323 533 2390 Cito
548 2329 654 2392 autom
675 2327 803 2392 fossatis
818 2327 912 2392 factis
926 2327 1143 2392 intermissum
1159 2329 1228 2390 erat
1244 2345 1408 2389 murorum

263 2450 352 2513 opus,
376 2431 409 2494 et
432 2435 656 2496 converterunt
679 2455 712 2497 se
726 2433 810 2497 cives
825 2433 865 2497 ad
882 2433 1124 2498 instaurandum
1140 2435 1172 2497 et
1188 2429 1409 2497 [edificandum

262 2533 372 2598 domos
395 2557 477 2600 suas.
523 2535 652 2621 Semper
675 2541 782 2602 tamen
804 2542 837 2602 et
859 2537 1015 2622 quottidie
1042 2536 1188 2602 oondneti
1212 2535 1408 2600 laboratores

262 2637 296 2702 in
320 2639 452 2704 aedifioio
474 2663 639 2706 murorum
660 2647 694 2708 et
715 2643 895 2727 aliquarum
918 2643 1057 2707 turrium
1078 2641 1278 2707 laborabant
1325 2640 1409 2704 Ante

263 2743 369 2808 omnia
391 2744 476 2810 enim
498 2737 602 2812 torres
625 2748 724 2812 trium
745 2751 910 2831 portarum
934 2749 1120 2825 erexerunt,
1153 2745 1274 2810 seilicet
1296 2744 1411 2809 turrim

262 2852 362 2932 portae
385 2847 497 2936 Gregis
519 2852 627 2935 pontis
645 2851 669 2928 ¹,
700 2851 755 2915 nbi
777 2851 810 2915 in
834 2851 966 2936 antiqua
988 2851 1117 2916 civitate
1139 2871 1197 2915 neo
1219 2849 1319 2914 turris
1343 2852 1412 2913 erat

262 2974 319 3018 neo
342 2955 435 3038 porta
458 2973 515 3016 noo
529 2975 619 3038 pons,
643 2953 696 3018 sed
717 2954 871 3038 ampliata
885 2955 1015 3019 civitate
1030 2953 1265 3018 transtulerunt
1280 2947 1411 3036 pontem

262 3079 387 3122 sursum
411 3057 449 3121 ad
466 3058 581 3122 turrim
598 3061 630 3122 et
644 3063 771 3142 portam
786 3059 885 3124 illam.
932 3057 1063 3123 Portam
1078 3058 1175 3123 etiam
1191 3057 1292 3122 saneti
1307 3057 1410 3122 Leon·

261 3161 353 3227 hardi
369 3183 439 3247 quae
454 3184 539 3226 nuno
555 3161 671 3226 dicitur
686 3163 788 3228 boatae
803 3161 976 3250 Virginis¹
999 3162 1262 3238 sublimaverunt,
1279 3179 1410 3244 eamque

261 3267 412 3332 custodiis
433 3267 635 3346 munierunt,
669 3267 744 3353 quia
775 3269 821 3332 ibi
853 3291 962 3332 murus
991 3290 1055 3332 non
1086 3272 1172 3346 erat,
1206 3267 1259 3332 sed
1283 3269 1410 3330 tantum

261 3372 388 3456 sepibus
411 3377 443 3436 et
464 3371 562 3460 lignis
586 3377 654 3437 erat
683 3373 795 3438 civitas
819 3373 938 3438 vallata
969 3373 1010 3437 ab
1042 3373 1099 3436 illa
1120 3377 1221 3457 parts.
1267 3369 1409 3436 Tertiam

261 3478 356 3541 etiam
399 3483 525 3560 portam
558 3479 678 3544 scilicet
711 3478 982 3564 Gbgglingensem
997 3478 1026 3558 ⁸,
1060 3500 1116 3562 per
1147 3499 1244 3562 quam
1281 3477 1348 3541 itur
1376 3476 1410 3539 in

262 3580 467 3667 Gbgglingen
490 3585 571 3648 turri
593 3585 686 3648 firma
701 3589 733 3649 et
748 3585 815 3648 alta
830 3584 1023 3649 munierunt.
1069 3581 1113 3648 lot
1127 3582 1190 3648 hiis
1210 3581 1305 3646 factis
1321 3581 1409 3645 elau·

261 3687 389 3752 dorset
411 3689 533 3772 aperire
555 3693 703 3773 poterant
726 3689 776 3753 oui
808 3689 966 3753 volebant.
1012 3687 1088 3752 Non
1119 3687 1203 3751 enim
1232 3686 1347 3750 habuit
1375 3686 1409 3750 in

182 3805 248 3884 ἐξ,
260 3791 417 3875 principio
440 3793 656 3878 ampliationis
688 3794 749 3858 nisi
772 3793 922 3878 praefatas
945 3799 1009 3860 tres
1033 3795 1160 3878 portas,
1185 3793 1238 3857 sed
1261 3813 1408 3856 successu

261 3895 412 3979 temporis
435 3897 528 3963 laotae
543 3903 619 3963 sunt
634 3899 703 3963 aliae
719 3903 829 3982 portae,
853 3899 998 3964 videlicet
1013 3901 1106 3982 porta
1121 3898 1291 3976 Annorum,
1315 3901 1409 3981 porta
1515 3905 1518 3938 ῑ

260 3999 354 4066 Nova
376 4005 409 4066 et
430 4007 524 4086 porta
538 4001 742 4067 lanistarum
754 3999 778 4080 ⁴,
803 4023 873 4087 quae
896 4003 986 4086 quasi
1003 4002 1092 4068 nulla
1107 4007 1164 4067 est.
1211 3999 1288 4066 Fuit
1303 4004 1411 4066 autem

827 4163 845 4202 ss

336 4245 350 4299 1
372 4243 645 4300 Herdtbruolorthor
663 4244 722 4300 soh.
743 4263 787 4299 arn
808 4245 904 4300 rande.
941 4245 1144 4303 2Frauenthor
1163 4246 1223 4301 Soh.
1243 4263 1290 4300 am
1313 4245 1411 4301 rande.

263 4331 532 4402 8Gegglingensem
553 4331 612 4388 Soh.
633 4331 677 4388 Kl.
713 4331 951 4403 Gogglingonsem
970 4333 1056 4388 Wibl.
1091 4331 1326 4402 Gboklingerthor
1345 4331 1409 4387 Sch.

262 4437 309 4474 am
327 4418 424 4475 rande.
496 4422 512 4473 4
533 4419 606 4491 Drey
626 4422 697 4486 thor,
718 4419 799 4477 Genss
818 4418 887 4477 Now
906 4421 964 4477 und
983 4421 1107 4492 Metzgar
1124 4419 1223 4477 Sahad.
1244 4437 1292 4475 am
1310 4417 1407 4476 rande.
