3034 4922
727 309 730 320 '
773 339 837 405 220

390 512 481 591 Quod
503 511 542 576 de
563 533 620 578 suo
642 513 709 579 filio
731 513 810 580 Jeeu
832 515 1031 600 loquebatur,

390 618 457 684 Nec
479 641 534 683 sue
556 618 729 684 dulcedinis
751 621 1007 686 obliviscebatur.

389 723 434 788 Et
455 724 537 788 mont
559 735 651 789 suum
673 725 777 790 filium
799 727 892 792 corde
914 747 1037 812 semper
1059 725 1170 812 gessit,

311 846 363 886 ⁸⁵0⁶
389 827 441 894 Ita
462 849 575 914 gerens
597 853 668 896 eum
692 853 746 896 ore
769 831 871 898 verbis
894 831 954 897 hoc
976 831 1140 917 expressit.

391 933 450 1000 Sed
474 956 493 997 a
514 934 715 1020 multiloquio
738 937 872 1002 retraxit
893 959 926 1002 ee
948 937 1140 1022 frequenter,

389 1038 462 1106 Nisi
483 1039 567 1106 torte
589 1041 627 1106 de
649 1064 706 1106 sua
728 1041 790 1108 fide
812 1043 1017 1108 condecenter

389 1144 594 1230 Loqueretm,
618 1147 738 1233 aliquid
759 1149 891 1234 ignaros
912 1145 1105 1226 instruendo,

390 1248 452 1316 Vel
474 1249 568 1317 fidem
592 1252 749 1339 evangelii
772 1253 892 1318 Christi
913 1251 1116 1323 defendendo.

312 1373 363 1411 ⁰⁶1⁰
392 1356 529 1422 Tantam
551 1359 730 1443 eloquentie
753 1360 892 1444 gratiani
914 1359 1063 1438 babebat,

390 1460 479 1538 Quod
502 1463 541 1526 ad
564 1461 658 1526 fidem
680 1461 833 1547 plurimos
855 1463 1013 1528 hortando
1035 1460 1247 1528 convertebat.

390 1563 475 1630 Nam
497 1566 551 1650 qui
575 1566 671 1630 semel
694 1567 852 1652 virginem
874 1567 1056 1652 loquentem
1078 1567 1161 1632 banc
1183 1565 1314 1644 audivit,

389 1669 450 1734 Vel
472 1670 525 1735 hic
547 1671 657 1736 statim
678 1672 821 1752 credidit,
845 1673 895 1738 vel
918 1673 1011 1738 corde
1034 1671 1197 1752 diffinivit,

389 1771 429 1839 Se
451 1777 514 1840 cito
536 1776 629 1842 fidem
653 1781 852 1861 recepturum
875 1777 925 1842 vel
947 1777 1060 1842 saltem
1081 1776 1135 1842 hic
1156 1776 1291 1842 cessavit

282 1917 289 1928 .
312 1897 362 1934 esu
390 1878 583 1966 Impugnere
604 1905 712 1948 veram
735 1883 839 1964 fidem,
864 1905 959 1968 quam
981 1883 1073 1969 virgo
1095 1881 1277 1968 predicavit.

390 1983 428 2049 In
451 1986 517 2051 eius
538 1985 651 2072 lingua
672 1992 764 2052 tanta
785 1987 848 2053 fuit
870 1988 975 2075 gratia
996 1987 1120 2067 diffusa,

390 2089 479 2168 Quod
502 2092 603 2158 multa
625 2115 703 2180 gens
727 2093 888 2159 incredula
909 2116 966 2178 per
987 2093 1091 2178 ipsam
1113 2097 1161 2158 est
1183 2090 1325 2157 confusa.

339 2405 443 2490 Quod
471 2411 597 2504 angeli
623 2411 840 2506 frequenter
866 2412 1074 2486 visitabant
1101 2410 1273 2484 Mariam.

391 2616 587 2702 Frequenter
609 2622 715 2682 autem
738 2619 844 2704 angeli
867 2619 905 2684 de
927 2617 1001 2684 celis
1024 2617 1241 2697 mittebantur,

388 2722 449 2799 Qui
472 2722 608 2788 Mariam
630 2723 803 2790 visitabant
825 2727 858 2788 et
879 2722 1135 2803 consolabantur,

312 2845 363 2884 ⁶⁶20
390 2825 435 2890 Et
457 2849 570 2911 panem
592 2827 770 2914 angelicum
793 2829 854 2894 sibi
877 2827 1068 2908 detulerunt,

390 2931 520 2997 Victum
543 2955 667 3018 quoque
689 2933 820 2999 celicum
843 2933 1153 2999 administraverunt.

390 3035 475 3102 Nam
498 3037 604 3124 angeli
626 3038 755 3104 cottidie
777 3040 816 3104 de
837 3039 904 3104 celo
925 3039 1086 3104 venientes

390 3143 623 3209 Consortabant
645 3144 812 3230 virginem,
835 3144 898 3210 sibi
920 3143 1095 3210 deferentes

390 3247 544 3314 celestem
567 3272 691 3334 panem,
714 3272 808 3334 quem
830 3249 870 3314 ad
892 3249 1004 3316 horam
1026 3271 1143 3338 nonam
1165 3247 1227 3313 sibi
1250 3247 1379 3328 dabant,

312 3370 364 3408 ⁶⁶2⁶
391 3353 436 3417 Et
457 3355 487 3419 ei
509 3355 591 3420 sicut
613 3356 739 3420 domine
761 3377 816 3420 sue
838 3355 1073 3421 ministrabant.

391 3457 465 3522 Alio
489 3457 592 3525 Maria
614 3461 685 3526 cibo
708 3464 785 3526 tunc
807 3481 870 3525 non
893 3460 1052 3540 utebatur,

390 3562 461 3628 Nisi
484 3587 565 3649 pane
587 3566 641 3651 qui
665 3566 703 3630 de
724 3565 791 3630 celo
813 3565 873 3630 eibi
898 3564 1084 3631 mittebatur

391 3667 506 3736 Manus
529 3693 585 3755 per
607 3671 766 3754 angelicas
789 3671 827 3736 de
849 3693 957 3736 mensa
979 3671 1028 3735 aui
1051 3671 1119 3735 nati

390 3773 451 3852 Qui
473 3779 608 3841 matrem
630 3797 720 3841 suam
742 3798 806 3842 uon
829 3777 953 3842 sinebat
977 3775 1134 3842 defectum
1156 3775 1258 3840 ullum
1280 3775 1358 3860 pati.

522 4091 576 4164 De
604 4092 745 4166 vestitu
773 4092 927 4186 virginis
953 4092 1082 4166 Marie.

313 4319 365 4357 esso
392 4300 495 4364 Maria
517 4322 641 4385 semper
665 4300 804 4366 vestibus
826 4301 953 4366 mundis
975 4300 1134 4380 utebatur,

390 4403 470 4478 Tam
492 4405 583 4476 lineis
607 4427 702 4498 quem
726 4406 834 4488 laneis,
858 4409 890 4473 et
911 4405 1106 4474 induebatur
