3034 4922
656 342 721 431 aas

196 553 248 593 σιω
274 534 311 601 In
333 536 428 602 buius
451 537 544 603 domo
566 538 700 604 Mariam
723 539 886 606 lohannes
909 540 1084 619 collocavit,

274 641 318 706 Et
340 641 425 728 Syon
448 642 668 709 babitaculum
690 645 752 710 sibi
775 647 965 730 preparavit,

274 744 394 811 Cuncta
416 749 591 814 necessaria
612 749 674 814 sibi
695 751 902 835 procurando,

272 849 339 936 Ipsi
362 852 450 917 velut
472 853 597 920 domine
619 879 674 921 sue
697 856 915 921 ministrando.

185 1166 287 1252 Quod
314 1169 506 1245 Johannes
532 1172 722 1267 profectus
750 1175 809 1247 est
835 1173 883 1246 ad
910 1172 1189 1268 predicandum.

273 1377 407 1464 Sumpta
427 1380 645 1448 benedictione
667 1380 829 1448 Jobannes
852 1382 890 1448 de
912 1381 1015 1448 Maria

191 1501 249 1540 ssu
274 1485 324 1550 Ad
347 1486 520 1552 docendum
543 1485 637 1552 fidem
661 1485 781 1552 Christi
803 1487 963 1572 profectus
986 1493 1034 1554 est
1056 1490 1090 1553 in
1112 1489 1174 1568 via,

274 1589 318 1655 Et
339 1612 372 1656 se
394 1592 458 1656 cito
481 1614 680 1658 reversurum
703 1593 818 1658 iterum
841 1594 996 1678 promisit,

274 1693 343 1761 Hoc
365 1696 470 1781 ipsum
492 1697 521 1762 ei
544 1695 647 1762 Maria
670 1697 804 1763 sollicite
824 1698 990 1789 commisit.

275 1801 326 1866 Ab
349 1801 424 1867 hino
446 1823 522 1888 ergo
544 1801 621 1868 «lesu
645 1807 746 1868 mater
767 1803 802 1868 in
825 1804 918 1868 domo
940 1802 1026 1888 Syon
1048 1801 1176 1883 mansit,

276 1905 382 1972 Donec
403 1929 460 1991 per
481 1909 729 1993 assumptionem
751 1910 789 1974 de
811 1908 873 1974 hoc
894 1909 1012 1973 mundo
1035 1907 1161 1972 transit.

200 2029 250 2067 aaa
276 2009 351 2076 Fuit
372 2011 418 2076 ibi
440 2035 642 2097 perseverans
664 2013 698 2078 in
721 2015 872 2094 oratione,

275 2113 335 2182 Vel
357 2117 390 2182 in
413 2117 482 2204 iugi
504 2139 665 2184 sacrorum
686 2118 842 2184 librorum
864 2119 1008 2198 lectione,

276 2219 343 2288 Ant
364 2222 562 2308 eloquiorum
585 2224 634 2290 dei
657 2225 872 2304 meditatione,

275 2323 334 2392 Vel
357 2327 491 2413 legendo
512 2329 720 2414 psalmodiam
743 2351 814 2394 cnm
836 2329 1011 2409 devotione,

276 2430 463 2518 Secretaque
484 2435 612 2501 celestia
634 2435 683 2500 vel
706 2435 991 2519 contemplabatur,

205 2553 251 2592 ³¹⁰⁶
277 2535 335 2604 Vel
357 2539 489 2624 spiritns
511 2539 545 2603 in
567 2540 667 2605 iubilo
689 2563 813 2605 sursum
837 2540 1008 2620 ferebatur,

276 2639 334 2707 Vel
357 2664 508 2708 manuum
531 2643 677 2727 operibus
700 2645 849 2710 insistens
873 2645 1048 2710 laborabat.

276 2743 326 2811 Sic
347 2769 367 2812 a
388 2745 480 2812 bonis
503 2748 626 2813 actibus
648 2771 811 2834 nunquam
834 2749 893 2814 hec
915 2749 1068 2826 vacabut3

280 2853 395 2940 Angeli
417 2855 546 2920 cottidie
568 2855 606 2920 de
628 2853 702 2920 celis
724 2855 944 2934 mittebantur,

279 2955 413 3024 Mariam
435 2959 660 3044 benignissime
682 2959 737 3044 qui
759 2959 1014 3038 consolabantur,

206 3079 253 3118 ⁶⁸1⁰
277 3063 320 3128 llt
342 3065 489 3130 celestem
511 3065 540 3130 ci
563 3087 675 3150 panem
698 3065 880 3151 frequenter
902 3064 1122 3149 deportabant,

280 3170 324 3234 Ac
345 3170 445 3255 ipsius
466 3171 614 3256 spiritum
636 3171 671 3236 in
693 3173 751 3237 deo
773 3171 1005 3237 confortabant.

162 3467 302 3565 Regula
329 3473 441 3546 beate
468 3471 622 3567 virginis
650 3471 854 3547 secundum
882 3493 996 3568 quam
1023 3471 1120 3545 vixit
1145 3473 1232 3567 post

471 3595 724 3670 ascensionem
750 3595 819 3668 filii
846 3595 914 3669 sui.

279 3802 382 3872 Maria
403 3805 465 3871 sibi
487 3805 630 3892 regulam
652 3804 766 3870 statuit
788 3803 914 3870 vivendi

278 3911 322 3978 Et
343 3911 404 3978 sub
426 3912 563 3997 quodam
587 3911 697 3977 ordine
719 3911 776 3976 deo
799 3908 963 3974 serviendi.

278 4015 362 4084 Nam
385 4041 405 4083 a
426 4005 529 4082 noctis
552 4021 693 4102 tempore
715 4016 793 4080 hore
817 4017 971 4081 matutine

208 4139 255 4177 ⁸⁶1⁵
281 4120 415 4189 Psalmis
439 4128 470 4188 ct
493 4121 631 4189 orationi
653 4122 778 4187 vacavit
799 4121 857 4188 hec
879 4119 994 4200 divine,

281 4226 387 4315 Usque
410 4229 486 4294 dum
508 4230 572 4294 iam
594 4229 731 4294 oriretur
753 4227 829 4307 dies,
853 4227 964 4292 etheo
986 4225 1066 4290 hora

281 4335 424 4402 Anobis
447 4359 508 4422 que
531 4336 706 4421 vulgariter
732 4335 848 4399 dicitur
869 4331 1015 4406 Aurora3

282 4440 369 4508 Tunc
390 4465 423 4508 se
446 4441 532 4506 dedit
555 4437 595 4504 ab
617 4438 677 4504 bac
699 4439 780 4504 hora
802 4435 1009 4516 meditationi,
