3072 4936
692 371 752 436 129

143 545 244 610 stolcs
267 549 299 610 et
315 545 356 611 72
381 545 561 631 discipulos,
586 546 631 611 sic
645 547 799 628 magister
818 547 936 611 civium
952 545 1113 612 Ulmensis
1135 546 1234 612 habet
1253 549 1292 612 12

140 651 259 716 iudices
293 656 326 716 et
357 652 398 716 72
430 674 600 716 assessores
631 657 664 716 et
696 653 840 716 consules
855 653 876 716 ¹.
929 651 989 717 Est
1019 652 1122 737 igitur
1152 654 1292 738 regimen

141 753 295 822 Ulmense
316 755 479 821 conforme
501 759 580 822 satis
604 758 706 820 tribus
729 757 858 841 optimis
873 757 1093 842 regiminibus,
1117 758 1155 822 de
1178 758 1293 842 quibus

142 861 332 927 Aristoteles
356 863 376 926 3
399 863 489 945 polit.
514 866 640 927 tractat.
686 859 722 925 In
756 866 912 946 quantum
943 861 1028 925 enim
1050 865 1201 926 estuans
1224 885 1293 927 ma-

142 968 245 1050 gister
260 967 375 1032 civium
394 967 559 1051 praefectus
575 968 675 1030 totius
690 966 829 1030 civitatis
845 971 878 1031 et
889 967 1135 1044 communitatis,
1153 969 1292 1052 regimen

142 1071 235 1156 regni
260 1071 321 1136 dici
344 1076 468 1156 potest;
492 1073 524 1136 in
549 1076 702 1157 quantum
720 1095 794 1136 vero
817 1073 953 1136 maiores
975 1072 1104 1156 quidam
1127 1072 1244 1137 iudices
1261 1079 1293 1137 et

141 1198 314 1240 assessores
337 1199 408 1240 cum
431 1199 467 1240 eo
491 1181 617 1260 regunt,
641 1178 781 1260 regimen
806 1175 996 1259 optimatum
1021 1175 1082 1239 dici
1107 1181 1226 1258 potest;
1259 1178 1292 1240 in

142 1285 298 1363 quantum
322 1284 428 1344 autem
451 1281 489 1343 de
512 1280 673 1344 communi
690 1279 807 1364 populo
830 1284 862 1344 et
882 1281 1029 1345 omnibus
1052 1281 1171 1346 zunftis
1194 1280 1293 1365 aliqui

141 1384 176 1450 in
192 1384 324 1449 consilio
340 1391 415 1448 sunt
430 1385 498 1448 loco
515 1386 612 1448 totius
630 1385 728 1468 vulgi,
752 1389 785 1448 et
806 1385 901 1448 simul
917 1407 989 1450 cum
1005 1387 1160 1471 magistro
1176 1385 1291 1450 civium

143 1493 176 1552 et
192 1489 401 1572 optimatibus
425 1489 607 1572 reipublicae
622 1489 803 1574 provident,
828 1491 998 1574 participat
1013 1491 1135 1574 aliquid
1158 1491 1195 1555 de
1210 1491 1293 1574 poli-

142 1596 189 1659 tia
213 1596 332 1680 populi.
381 1595 581 1678 Principatus
611 1601 718 1660 autem
749 1617 788 1658 ex
811 1595 861 1658 bis
885 1596 988 1660 tribus
1011 1598 1130 1660 mixtus
1153 1597 1293 1680 optimus

140 1723 161 1764 a
177 1699 369 1784 philosopho
392 1723 458 1763 esse
474 1697 629 1783 probatur
651 1722 688 1763 ex
704 1722 751 1777 eo,
775 1700 849 1783 qnia
867 1700 1001 1783 quilibet
1016 1701 1047 1764 in
1065 1701 1293 1765 communitate

141 1805 174 1868 in
200 1805 378 1889 principatu
403 1804 543 1888 aliquam
567 1805 665 1869 habet
688 1811 829 1889 partem,
863 1809 894 1870 et
923 1805 993 1869 ideo
1024 1805 1186 1871 ardentius
1211 1829 1293 1870 rem·

143 1909 305 1994 publicam
329 1915 416 1974 amat
438 1916 471 1974 et
492 1915 616 1975 statuta
632 1910 818 1996 diligentins
841 1915 956 1986 servat,
979 1917 1012 1974 et
1034 1934 1092 1975 sua
1108 1912 1237 1996 propria
1259 1913 1291 1975 in

142 2017 188 2080 rei
204 2015 341 2100 publicas
356 2017 530 2082 utilitatem
547 2018 676 2082 liberius
693 2016 833 2100 exponit.
879 2015 965 2080 Dum
981 2017 1064 2080 enirn
1081 2019 1293 2080 communitas

141 2121 174 2184 in
199 2121 318 2184 aunftis
349 2121 441 2204 eligit
470 2144 564 2186 exse
587 2123 657 2206 ipsa
688 2121 831 2184 consules
863 2124 895 2184 ct
917 2121 1034 2184 iudices
1058 2124 1090 2185 et
1112 2121 1293 2184 sunitarum

142 2226 332 2310 magistros„
371 2231 404 2292 et
434 2227 482 2291 illi
515 2227 606 2291 electi
641 2229 868 2311 consequenter
897 2248 955 2290 suo
988 2229 1130 2308 tempore
1169 2225 1294 2308 eligunt

142 2332 332 2416 maffl'strum
350 2331 475 2411 civium,
500 2337 532 2396 et
547 2333 600 2396 ille
623 2355 731 2397 omnes
752 2331 920 2416 gubernat,
944 2329 1079 2395 resultat
1101 2331 1133 2394 in
1150 2352 1293 2394 commu·

140 2437 244 2502 nitate
266 2437 410 2503 Ulmensi
443 2438 631 2502 suavissime
660 2437 825 2523 regiminis
855 2437 1031 2501 harmonia.
1078 2435 1185 2500 Habet
1216 2456 1293 2519 ergo

141 2541 341 2625 principatus
368 2541 525 2606 Ulmensis
559 2565 656 2606 unum
693 2543 883 2627 magistrum
914 2543 1028 2607 civium
1059 2543 1098 2606 de
1118 2541 1293 2607 maioribus

141 2649 222 2708 natu
238 2647 382 2726 electum,
406 2648 438 2710 in
455 2669 549 2731 quem
573 2669 681 2712 omnes
697 2648 879 2731 respiciunt,
902 2648 957 2734 qui
973 2653 1079 2712 tamen
1103 2649 1149 2712 ita
1164 2647 1294 2712 statutis

142 2750 239 2814 certis
262 2754 440 2816 coarctatus
463 2756 607 2832 tenetur,
641 2757 677 2816 ut
699 2755 790 2836 quasi
814 2753 895 2818 nihil
917 2753 1018 2836 possit
1040 2751 1209 2836 praefectus
1232 2753 1293 2816 nisi

141 2854 228 2938 quod
245 2855 323 2920 velit
333 2856 519 2940 praeficiens,
536 2858 692 2942 duratque
702 2859 843 2942 regimen
857 2862 983 2921 tantum
999 2859 1038 2922 ad
1056 2859 1131 2922 anni
1142 2858 1292 2944 spatium,

141 2982 208 3045 quo
230 2961 375 3046 expirato
394 2985 459 3027 non
482 2967 588 3048 potest
604 2963 750 3048 amplius,
773 2964 835 3028 nisi
858 2969 931 3047 post
946 2963 1108 3027 biennium
1133 2965 1171 3027 ad
1188 2963 1293 3047 magi·

141 3069 280 3130 stratum
304 3069 433 3148 assumi,
457 3070 488 3132 in
514 3069 609 3132 tertio
632 3071 738 3132 autem
762 3089 861 3146 anno,
884 3069 912 3132 si
935 3067 1039 3150 placet
1060 3067 1293 3145 communitati,

142 3169 320 3257 reeligitur,
343 3173 426 3238 sicut
440 3174 474 3237 in
491 3172 663 3257 plurimum
680 3173 850 3256 contingit.
897 3171 971 3236 ldeo
994 3173 1203 3237 communiter
1218 3175 1294 3236 sunt

142 3279 210 3339 tres
232 3277 287 3359 qui
302 3277 363 3342 sibi
387 3277 520 3342 invicem
537 3279 718 3356 succedunt,
742 3277 775 3342 in
800 3275 915 3364 quibus
937 3279 1040 3342 tribus
1063 3277 1179 3342 residat
1201 3299 1293 3341 omne

142 3381 319 3466 negotium.
367 3383 541 3448 Deficiente
571 3387 677 3448 autem
707 3383 756 3447 vel
788 3387 895 3446 amoto
925 3404 989 3446 uno
1023 3383 1062 3446 de
1093 3383 1157 3446 illis
1180 3382 1292 3460 tribus,

141 3507 215 3550 cum
239 3491 363 3571 tempus
386 3488 560 3564 advenerit,
584 3511 647 3573 quo
670 3489 709 3554 ad
726 3488 951 3572 magistratum
975 3488 1186 3552 assumendus
1203 3491 1293 3567 esset,

141 3591 225 3656 alter
247 3593 286 3656 de
307 3594 450 3658 omnium
480 3615 633 3658 consensu
665 3595 693 3659 ei
716 3595 918 3680 subrogatur.
964 3591 1074 3658 Solum
1103 3596 1227 3672 autem,
1257 3596 1294 3656 ut

140 3717 240 3780 supra
262 3697 382 3762 dictum
405 3701 464 3778 est,
488 3698 661 3763 assumitur
676 3699 829 3784 magister
851 3699 967 3764 civium
992 3699 1030 3764 de
1046 3697 1156 3762 ordine
1178 3697 1292 3762 tertio·

141 3823 224 3881 rum,
248 3803 303 3886 qui
319 3801 400 3866 nulli
416 3803 536 3868 zunl'tae
559 3809 608 3868 est
623 3803 746 3870 iuratus
769 3803 819 3870 vel
836 3805 1068 3890 incorporatus,
1091 3804 1181 3867 cuius
1199 3825 1294 3866 causa

141 3929 241 3990 supra
263 3909 401 3992 ponitur.
447 3910 491 3974 Et
513 3910 596 3974 sicut
619 3911 826 3995 magistratus
850 3912 966 3976 civium
991 3913 1098 3974 manet
1119 3907 1293 3972 immobilis

141 4011 174 4074 in
207 4013 319 4077 ordine
341 4013 525 4094 tertiorum,
558 4015 603 4078 sic
626 4013 832 4100 magistratus
856 4013 1039 4078 sunitarum
1071 4013 1105 4076 in
1129 4011 1292 4076 ordinibus

709 4175 728 4215 R

214 4275 226 4327 1
248 4271 302 4328 Der
320 4273 413 4330 kleine
431 4277 478 4329 rat
491 4275 610 4330 bestand
629 4293 679 4330 aus
693 4277 726 4330 15
739 4275 946 4344 gescbleohtern
961 4275 1018 4330 und
1035 4277 1064 4331 17
1078 4274 1293 4342 arrultgenossen

143 4359 200 4414 arrd
219 4360 270 4416 der
287 4361 375 4430 grotta
392 4365 439 4416 rat
456 4379 507 4417 aua
522 4363 555 4418 10
567 4363 776 4432 geschlechtera
796 4363 851 4417 und
866 4365 900 4418 30
917 4365 1065 4427 adultlern,
1078 4377 1237 4417 zusammen
1250 4359 1292 4414 12.

142 4449 169 4502 S.
187 4449 274 4520 sager
293 4467 313 4503 s.
332 4453 392 4504 2711.
430 4449 486 4505 Der
505 4450 607 4506 ricbter
625 4451 691 4506 oder
710 4451 830 4506 sclrbffen
851 4469 943 4505 waren
966 4453 1003 4506 12.
1040 4449 1065 4503 S.
1087 4451 1144 4504 das.
1165 4467 1184 4504 a.
1208 4449 1263 4503 163.
