2996 4924
304 542 364 610 Sed
387 545 531 610 sacerdos
554 543 683 610 isachar
705 567 821 610 munus
843 543 903 609 hoc
924 545 1041 624 reiecit,

303 649 422 736 Egredi
444 652 483 715 do
504 649 624 734 templo
647 650 697 714 dei
720 649 931 734 Joachimque
953 648 1040 730 fecit,

302 756 437 822 Dicens:
462 753 563 832 »Quia
585 755 740 840 templum
762 754 823 820 hoc
844 755 965 819 intrare
986 777 1050 820 non
1073 778 1105 821 es
1128 757 1260 842 dignus!

302 859 405 926 Prolis
427 862 511 926 enim
535 865 571 925 tu
595 861 714 925 nullius
737 861 877 946 genuisti
899 861 1033 946 pignus3

239 985 276 1024 12⁵
304 967 388 1032 Deus
412 971 469 1031 tua
491 989 623 1031 munera
645 989 707 1032 non
732 965 802 1031 vult
824 970 995 1050 acceptare,

301 1069 383 1147 Quia
404 1075 441 1135 tu
463 1093 528 1134 non
551 1070 695 1135 meruisti
717 1070 839 1154 prolem
862 1091 1044 1154 procreare3

301 1174 425 1241 Intrare
447 1175 604 1262 templum
626 1176 746 1240 domini
769 1197 934 1260 nunquam
950 1177 1104 1258 debuisti,

301 1279 382 1357 Quin
404 1303 534 1367 germen
558 1281 687 1346 seminis
709 1281 832 1345 nullum
855 1281 1024 1366 genuisti«

301 1385 462 1472 Expulsus
485 1385 532 1449 ita
553 1383 701 1450 Joachim
724 1385 764 1449 de
785 1385 905 1469 templo
928 1406 1000 1449 cum
1023 1387 1141 1471 pudore

237 1511 275 1548 ¹³⁰
301 1492 422 1577 Magna
444 1491 633 1556 verecundia
654 1491 789 1556 tabescit
810 1495 843 1556 et
865 1490 995 1570 rubore;

301 1597 501 1683 Domumque
523 1597 703 1683 regreditur
723 1597 826 1662 cordis
848 1597 882 1660 in
906 1595 1023 1676 dolore,

301 1702 397 1770 Ultra
419 1703 548 1768 modum
571 1701 778 1781 contristatus
801 1725 838 1766 ex
861 1703 966 1766 anime
986 1723 1117 1768 merore.

299 1809 394 1873 Anna
419 1829 501 1887 vero,
525 1827 596 1872 cum
619 1807 782 1891 conspexit
803 1807 885 1870 facie
907 1810 1065 1872 mutatum

300 1911 413 1978 Virum
438 1913 517 1992 eius,
538 1912 636 1977 sentit
659 1935 728 1976 eum
752 1933 819 1976 osse
841 1912 1082 1989 conturbatum

238 2039 275 2076 ¹³⁶
304 2019 354 2086 Ab
376 2041 476 2104 eoque
499 2019 631 2084 tristitie
654 2040 763 2084 causas
784 2019 973 2096 sciscitetur,

300 2124 366 2191 Sibi
390 2125 466 2210 quid
489 2124 637 2189 acciderit
659 2123 793 2188 tristicie
814 2127 985 2188 scrutatur.

299 2229 357 2296 Ille
379 2251 434 2294 sue
456 2229 584 2314 coniugi
607 2233 721 2294 cuncta
743 2229 933 2314 propalavit,

299 2336 339 2400 Eli
361 2335 438 2420 quid
461 2333 600 2399 evenerit
622 2334 840 2417 perordinem
863 2333 1015 2398 narravit.

298 2439 347 2505 Ex
369 2439 431 2504 hoc
453 2439 547 2505 ambo
569 2439 803 2504 conturbantur
825 2439 975 2503 acerrima
998 2437 1153 2524 lugentes,

235 2565 272 2600 1⁴0
298 2544 341 2609 Et
363 2544 448 2609 mala
469 2566 527 2608 sue
549 2543 687 2608 lacrimis
710 2543 820 2608 multis
843 2543 1087 2628 deplangentcs3

296 2649 415 2715 Tamen
439 2649 638 2713 adorationes
663 2669 736 2714 suas
757 2648 970 2713 convolabant
1072 2707 1074 2712 .

297 2753 341 2819 Et
362 2777 401 2819 ex
423 2757 493 2818 toto
515 2753 607 2818 corde
629 2775 687 2818 suo
710 2753 802 2818 deum
824 2753 1025 2834 invocabant,

297 2859 344 2926 Ut
366 2883 385 2925 a
407 2859 599 2925 contumelia
621 2858 679 2923 tali
701 2858 837 2923 liberare

298 2965 403 3032 Vellet
425 2987 477 3030 eos
500 2969 596 3050 atque
618 2985 746 3050 germen
770 2963 868 3048 prolis
890 2963 953 3028 hiis
978 2965 1104 3030 donare.

235 3088 271 3127 uo
298 3069 350 3135 nb
372 3071 537 3136 hominum
560 3069 719 3134 consortio
741 3091 774 3134 se
795 3074 902 3134 tamen
925 3075 1122 3154 sequestrare

297 3176 460 3262 Cogitavit
481 3174 630 3241 Joachim
652 3179 685 3240 et
707 3175 793 3240 solus
815 3175 962 3240 habitare

295 3278 333 3346 In
355 3282 489 3360 deserto,
512 3303 552 3346 ne
575 3281 647 3366 plus
670 3303 741 3346 eum
765 3281 873 3346 audire
895 3285 963 3346 tam
985 3281 1173 3366 probrosum

296 3385 503 3472 Contingeret
525 3385 733 3470 obprobrium
757 3389 789 3450 et
810 3384 1082 3450 contumeliosum.

295 3492 437 3577 Sumptis
459 3511 536 3577 ergo
558 3489 657 3556 servis
681 3490 756 3570 suis,
779 3490 988 3576 congregavit
1010 3513 1083 3556 oves

232 3616 269 3654 uo
295 3597 338 3662 Et
361 3601 475 3662 cuncta
497 3618 554 3662 sua
576 3617 698 3681 pecora,
721 3616 832 3680 capras
855 3599 950 3680 atque
973 3595 1083 3668 boves:

295 3703 433 3768 Domum
456 3723 544 3766 suam
568 3701 684 3778 exiens,
707 3700 869 3765 doloribus
892 3701 1033 3780 affectus,

295 3809 346 3874 Ad
369 3813 457 3873 vaste
478 3805 660 3872 solitudinis
682 3806 840 3870 desertum
863 3809 912 3871 est
934 3805 1104 3890 profectus.

295 3913 389 3978 Anna
411 3911 496 3976 domi
519 3909 714 3988 remanebat,
737 3909 893 3994 plangens
916 3913 1013 3994 atque
1035 3931 1168 3988 merens,

294 4017 342 4084 De
363 4039 485 4083 recessu
507 4016 569 4082 viri
592 4014 642 4080 sui
665 4037 718 4080 cor
739 4015 835 4080 nimis
857 4015 948 4080 triste
970 4037 1093 4101 gerens.

701 4169 718 4208 a

217 4279 262 4333 121
287 4279 314 4334 ll
332 4278 489 4337 Collocavit
575 4294 672 4332 munus
698 4277 790 4346 hujus.
892 4277 937 4332 131
960 4275 1017 4331 und
1048 4277 1096 4332 132
1122 4275 1281 4333 erscheinen

144 4360 188 4416 bei
215 4363 233 4417 Z
255 4365 346 4423 hinter
366 4367 424 4424 138.
533 4367 580 4421 135
606 4367 744 4420 Ocansas
762 4365 837 4419 trist.
946 4365 995 4420 149
1023 4365 1042 4418 Ζ
1070 4365 1183 4420 Cunctis
1210 4367 1283 4422 statt

145 4447 272 4524 Sumptis.
306 4455 326 4510 c
344 4455 418 4512 fehlt
438 4455 504 4512 auia.
