3034 4922
801 359 865 432 244

413 537 460 610 »O
482 541 575 629 virgo
596 541 647 610 dei
670 542 821 628 genitrix,
845 564 865 609 o
887 545 990 608 mater
1008 539 1195 622 veneranda,

412 648 439 714 0
461 651 583 716 intacta
604 648 724 714 Christi
747 671 871 733 parens,
896 671 915 714 o
937 649 1066 714 domina
1088 647 1256 725 laudanda,

411 754 438 820 Ο
461 755 653 840 redemptrix
676 753 851 833 hominum,
874 776 894 818 o
916 755 1009 819 decus
1032 754 1228 838 angelorum,

411 861 438 929 O
460 863 571 948 ragina
593 861 699 942 seculi,
723 883 742 927 o
765 862 871 948 gloria
892 861 1042 940 celorum,

334 988 385 1025 neo
413 966 440 1032 Ο
463 991 533 1053 spes
556 974 588 1034 et
611 969 801 1032 desidorium
823 968 966 1032 omnium
988 971 1179 1044 sanctornm,

414 1071 441 1138 0
464 1073 553 1159 quies
575 1071 802 1150 laborantium,
824 1094 842 1136 o
865 1072 951 1136 salus
974 1071 1172 1149 miserorum,

411 1179 438 1245 Ο
461 1179 564 1244 lilium
587 1177 789 1256 convallium,
813 1199 833 1242 o
855 1199 928 1242 rosa
950 1177 1018 1242 sine
1040 1177 1140 1261 spina,

412 1283 439 1350 0
461 1285 536 1348 lune
558 1284 614 1348 lux
637 1287 670 1348 et
691 1283 841 1367 splendor
862 1283 948 1362 solis,
972 1305 991 1348 o
1014 1282 1108 1348 stalla
1128 1279 1298 1358 matutina,

308 1465 310 1474 Ι
415 1391 441 1454 Ο
464 1387 689 1466 desiderabilis,
712 1410 731 1453 o
754 1389 847 1473 virgo
869 1387 1018 1473 gloriosa,

334 1514 386 1552 vrrs
413 1491 440 1558 Ο
463 1493 564 1558 dulcis
587 1497 620 1556 et
641 1489 797 1570 amabilis,
822 1513 841 1554 o
864 1495 965 1556 mater
987 1511 1140 1569 amorosa,

412 1599 442 1664 A
465 1599 557 1664 nobis
578 1598 673 1663 modo
696 1598 828 1676 tolleris,
852 1620 871 1660 a
893 1597 984 1666 nobis
1007 1595 1172 1680 separaris,

413 1707 442 1770 A
467 1709 639 1788 nostroque
661 1703 831 1782 consortio,
854 1725 901 1782 ve,
924 1703 1016 1768 nobis
1039 1700 1265 1786 sequestrans!

413 1810 463 1874 Tu
485 1831 553 1874 eras
575 1812 683 1873 nostre
704 1808 778 1872 fidei
799 1808 926 1872 firmum
950 1807 1200 1884 fundamentum,

412 1913 565 1998 Novoque
588 1913 729 1978 doctrine
750 1917 859 1978 nostre
882 1935 991 1978 verum
1013 1917 1251 1998 argumentum

337 2040 388 2076 rao
416 2019 518 2086 Nobis
541 2042 666 2104 quoque
687 2023 723 2083 tu
746 2019 836 2084 fuisti
858 2019 970 2104 regula
991 2018 1127 2096 vivendi,

413 2125 519 2209 Atque
541 2125 632 2189 nobis
655 2124 807 2189 exstitisti
829 2123 967 2198 formula
989 2123 1144 2188 credendi.
1226 2165 1231 2176 ·

412 2229 585 2314 Nostrique
607 2229 769 2314 naufragii
791 2234 827 2293 tu
850 2232 959 2313 portus
982 2229 1142 2305 exstitisti,

411 2333 455 2398 Et
478 2335 569 2398 nobis
592 2335 624 2398 in
648 2333 743 2398 exilio
766 2333 915 2398 solatium
937 2333 1038 2399 fuisti.

411 2438 529 2504 Nostra
551 2437 767 2504 tribulationis
789 2443 825 2502 tu
849 2439 1032 2504 auxiliatrix

335 2561 386 2600 rm
413 2543 494 2607 Eras
516 2547 548 2607 et
571 2542 758 2606 vastationis
780 2547 887 2607 nostre
910 2543 1097 2626 reparatrix.

411 2647 456 2712 Te
478 2669 574 2732 quam
596 2647 650 2712 diu
674 2669 768 2732 super
790 2652 907 2712 terram
929 2649 1135 2734 cognovimus
1157 2649 1326 2726 viventem,

414 2753 516 2816 Acin
540 2752 603 2816 isto
626 2752 731 2816 seculo
753 2756 786 2816 te
808 2751 956 2816 scivimus
980 2757 1179 2835 manentem

413 2855 480 2922 Nos
503 2858 542 2921 ad
565 2859 597 2920 te
620 2855 779 2940 refugium
802 2879 925 2941 semper
947 2857 1142 2924 habebamus

412 2961 456 3026 Et
478 2966 511 3027 te
532 2962 614 3026 siout
637 2960 809 3026 anchoram
828 2962 861 3026 in
885 2963 966 3028 mari
987 2963 1181 3029 tenebamus.

334 3085 385 3123 22⁸⁰
413 3067 502 3132 Heu!
528 3067 619 3132 nobis
642 3089 726 3130 nunc
748 3066 949 3132 subtrahitur
972 3073 1029 3133 tua
1051 3069 1223 3134 reveranda

414 3171 584 3251 Prosentia,
608 3171 754 3236 fidelibus
777 3171 898 3236 cunctis
920 3172 1091 3258 diligenda,

411 3279 456 3344 Et
478 3301 497 3344 a
518 3283 551 3343 te
573 3276 755 3342 dulcissima
776 3281 877 3342 matre
899 3300 984 3342 nunc
1006 3279 1165 3358 orbamur,

412 3387 440 3448 A
464 3383 610 3468 dulcique
632 3381 746 3446 solatio
768 3385 823 3448 tuo
849 3382 1030 3461 viduamur;

367 3553 369 3558 .
415 3491 440 3555 A
466 3491 530 3555 tuis
552 3487 718 3571 colloquiis
740 3485 887 3572 benignis
909 3489 1097 3568 desolamur,

333 3613 385 3650 πει)
413 3596 441 3658 A
465 3599 585 3677 tuoque
606 3591 774 3670 consortia,
799 3613 844 3670 ve,
868 3593 959 3658 nobis
982 3615 1173 3678 separamur.

410 3699 499 3784 Ergo
521 3691 759 3781 benignissima,
782 3701 825 3776 te,
848 3701 950 3762 mater
971 3699 1177 3784 imploramus

411 3804 575 3888 Tuamque
598 3802 782 3868 mellifluam
805 3803 1003 3868 clementiam
1025 3826 1183 3890 rogamus,

412 3907 457 3974 Ut
479 3931 550 3972 cum
573 3913 735 3992 assumpta
756 3908 854 3972 fueris
877 3910 916 3973 ad
939 3907 1049 3974 Jesum
1071 3915 1162 3976 tuum
1185 3915 1295 3976 natum

412 4015 518 4098 Atque
540 4035 610 4078 cum
635 4013 773 4078 tenueris
796 4015 855 4078 oeli
878 4013 1103 4099 principatum,

332 4135 383 4172 22⁹⁰
410 4116 499 4182 'luno
521 4139 579 4202 pro
602 4119 693 4184 nobis
715 4123 752 4184 tu
774 4119 913 4204 digneris
936 4120 1029 4184 deum
1051 4144 1191 4200 exorare,

409 4221 516 4305 Atque
538 4246 628 4288 suam
650 4225 788 4309 gratiam
811 4226 902 4289 nobis
924 4225 1104 4310 impetrare,

411 4325 457 4392 Ut
478 4349 535 4392 nos
559 4330 599 4392 ab
623 4329 682 4393 hoo
704 4329 798 4394 exilio
820 4329 883 4394 cito
905 4330 1041 4396 liberare

410 4429 498 4496 Velit
520 4438 552 4497 et
575 4434 608 4497 in
631 4434 734 4521 gloria
756 4457 814 4498 sua
835 4434 1040 4500 collocare«.
