2996 4924
768 299 809 366 22

377 479 584 546 »Benedictus
606 477 681 542 deus
705 499 793 542 meus
816 476 871 560 qui
895 474 953 540 celi
976 473 1189 558 principatum

375 587 420 654 Et
442 585 541 651 totius
564 583 660 649 seculi
682 587 770 647 tenes
793 581 1012 646 dominatum!

376 690 565 756 Benedictus
587 688 744 766 dominus,
767 687 819 752 cui
840 685 1039 752 famulantur

310 816 349 852 no
375 795 465 861 Luna
487 791 535 858 sol
558 797 589 857 et
611 791 723 871 sidera,
749 813 921 877 perquem
944 794 1165 854 sustentantur

378 899 484 978 Polus,
509 921 571 977 aer,
595 898 715 976 ethera,
738 919 809 962 cum
832 895 891 962 celi
913 896 1125 971 firmamento,

377 1005 516 1084 Montes,
538 1025 634 1081 mare,
658 987 800 1082 demina,
822 1024 894 1066 cum
917 1005 1000 1066 terre
1023 1001 1247 1068 fundamento!

377 1110 567 1176 Benedictus
589 1108 733 1173 conditor
756 1107 855 1172 totius
877 1111 1021 1173 creature

376 1216 598 1300 Mirabilisque
620 1214 745 1300 genitor
767 1213 953 1298 propaginis
976 1215 1106 1277 nature!

312 1342 350 1379 ⁴1⁶
379 1322 569 1388 Benedictus
591 1319 646 1404 qui
669 1325 782 1384 nature
804 1320 905 1404 legem
930 1318 1082 1395 statuisti,

379 1427 425 1494 Ut
446 1426 556 1512 quevis
580 1446 629 1491 res
652 1449 690 1491 er
713 1425 813 1490 altera
835 1425 977 1509 prodiret
998 1429 1034 1488 tu
1059 1421 1195 1487 iussisti!

380 1531 571 1598 Benedictus
593 1534 648 1617 qui
671 1553 721 1596 me
746 1531 828 1596 dono
851 1530 910 1595 teli
933 1553 995 1595 non
1019 1528 1161 1614 privasti,

365 1637 438 1704 ¹Sed
461 1643 570 1721 optate
593 1637 672 1702 mihi
695 1637 793 1721 prolis
816 1657 945 1722 germen
969 1641 1004 1700 tu
1028 1633 1164 1700 donasti.

381 1741 448 1806 Hac
470 1742 574 1826 proles
596 1741 811 1806 consolabitur
834 1745 961 1826 gentem
984 1740 1193 1814 Hebreorurn,
1304 1781 1312 1796 ,

316 1867 355 1904 ⁴20
381 1845 442 1912 Per
464 1847 616 1932 illamque
639 1846 815 1911 salvabitur
837 1865 970 1932 regnum
993 1848 1182 1910 eternorum.

378 1952 566 2017 Benedictus
589 1953 644 2036 qni
668 1950 767 2016 totius
789 1974 822 2016 es
846 1949 1071 2016 consolationis
1174 2009 1180 2020 ,

381 2056 475 2121 Pater
497 2061 529 2122 et
552 2057 722 2122 auxiliator
744 2055 998 2122 tribulationislr

226 2379 421 2451 Canticum
451 2377 561 2450 Anna
589 2376 724 2448 matris
752 2373 930 2448 Maricio
959 2375 1162 2448 nativitate
1189 2373 1263 2446 filie
1291 2395 1370 2446 sue.

383 2586 540 2670 Annaque
562 2583 708 2648 similiter
731 2584 823 2648 deum
847 2583 1097 2662 commendebat,

256 2725 258 2730 ·
381 2690 424 2755 Bt
447 2689 605 2754 canticum
628 2688 728 2754 letitie
749 2689 854 2752 dicens
877 2688 1085 2753 decantabat:

317 2817 355 2851 us
385 2795 449 2859 »Te
472 2795 575 2872 laudo,
598 2799 630 2860 te
652 2793 807 2879 glorifico,
830 2793 906 2859 deus
928 2799 961 2858 et
982 2797 1106 2859 creator

383 2900 459 2979 (leli,
483 2905 577 2980 terre,
600 2899 746 2978 marium,
769 2903 801 2963 ct
821 2899 931 2964 mundi
954 2899 1167 2984 gubernator!

382 3005 427 3070 Te
449 3005 553 3084 laudo,
577 3005 652 3088 quia
674 3004 776 3070 bonus
799 3026 832 3068 es
855 3008 886 3068 et
909 3004 980 3088 pius
1002 3003 1042 3069 ab
1065 3008 1185 3082 eterno,

383 3108 568 3174 Humanum
590 3127 691 3194 genus
713 3109 883 3174 confovens
907 3110 1025 3174 auxilio
1047 3114 1189 3194 paterno.

382 3214 490 3280 Laudo
513 3221 554 3294 te,
577 3216 660 3300 qnod
683 3216 843 3280 hominem
867 3216 942 3281 deus
965 3219 1001 3280 tu
1022 3216 1168 3282 formasti

320 3341 357 3376 reo
385 3320 435 3384 Ad
458 3326 547 3385 tuam
570 3321 753 3405 imaginem,
776 3325 809 3384 et
830 3319 1090 3405 huicinepirasti

384 3425 583 3510 Spiraeulum
606 3425 767 3490 virifimm
790 3429 822 3490 et
846 3425 984 3490 animam
1008 3426 1175 3504 viventem

384 3531 445 3594 Per
467 3531 559 3595 illum
582 3535 618 3595 ut
639 3531 832 3615 multiplices
853 3532 1035 3596 universam
1056 3535 1195 3616 gentem.

383 3635 492 3701 Laudo
514 3640 555 3714 te,
583 3636 667 3720 quod
691 3639 833 3701 nostram
855 3640 983 3722 gentem
1009 3636 1109 3701 solam
1131 3635 1270 3699 dilexisti
1378 3667 1382 3674 ·

384 3743 434 3808 Ex
457 3743 578 3806 cunctis
601 3741 784 3806 nationibus
810 3745 842 3807 et
866 3765 934 3806 eam
957 3741 1112 3830 elegisti.¹

320 3865 357 3901 ⁴³⁶
385 3845 432 3912 Ut
456 3869 493 3910 ex
515 3869 552 3912 eu
573 3845 681 3910 lumen
704 3868 803 3910 unum
826 3845 886 3910 tibi
909 3845 1086 3925 suscitares,

384 3951 444 4016 Per
467 3953 552 4037 quod
574 3953 757 4016 universum
781 3952 933 4016 mundum
957 3955 992 4014 tu
1014 3951 1221 4018 illuminares.

384 4055 452 4122 Hec
474 4061 522 4122 est
544 4057 600 4122 illa
624 4056 727 4140 proles
750 4079 821 4120 mea
842 4056 921 4120 mihi
945 4077 1040 4140 quam
1063 4056 1188 4134 dedisti,

384 4162 479 4228 Cuius
502 4163 583 4227 mihi
605 4162 809 4228 sanctitatem
830 4166 862 4226 et
886 4162 984 4228 vitam
1007 4161 1183 4228 ostendisti.

792 4307 810 4346 s

298 4391 349 4444 408
368 4389 386 4442 Z
406 4393 491 4444 tenes.
