3014 4926
753 303 814 370 108
908 327 913 338 ·

366 476 426 544 Sed
448 499 602 564 magnum
623 483 697 563 post
719 479 836 544 enituit
857 479 891 544 in
915 478 1173 558 statniuvsni1i3

366 581 550 650 Virtutibus
571 588 605 650 et
625 585 768 651 moribus
790 584 924 670 profecit
946 583 1137 664 adolescens,

368 687 405 755 In
428 689 554 756 laudem
576 689 664 756 etin
686 689 824 774 gloriam
847 690 897 755 dei
919 689 1021 775 petris
1042 711 1193 756 oresoens.

447 929 501 1003 De
528 929 809 1025 pulchritudine
832 929 996 1025 corporis
1023 929 1127 1003 Jesu.

368 1110 458 1178 Siout
478 1113 513 1177 in
534 1113 709 1178 virtitibus
731 1118 800 1179 eret
822 1113 1004 1192 adornatus,

290 1235 342 1274 ³1²⁶
367 1216 462 1284 Jesus
484 1218 531 1284 ito
553 1240 683 1303 corporo
704 1217 767 1282 fuit
789 1217 989 1283 decoratus..

366 1321 428 1390 Pre
449 1323 525 1390 filiis
547 1345 622 1388 nam
645 1321 810 1388 hominum
832 1321 937 1388 formo
958 1321 1117 1407 speciosus

366 1427 509 1495 Dilectus
532 1429 585 1494 hio
607 1429 765 1514 apparuit,
788 1431 821 1494 et
841 1427 934 1494 vultu
956 1427 1126 1514 gratiosus.

366 1533 443 1599 Fuit
465 1539 497 1599 et
518 1533 665 1600 amabilis
687 1533 809 1599 eunctis
830 1533 864 1599 in
887 1537 1025 1619 aspectu,

366 1641 411 1706 nt
433 1639 649 1707 desiderabilis
670 1638 760 1704 nullo
782 1660 855 1704 oum
876 1638 1019 1718 dolootn3

293 1763 345 1802 ³¹³0
371 1744 448 1810 Fuit
470 1745 686 1811 iocundissimi
708 1744 812 1834 deoori
834 1767 960 1830 quoque
982 1744 1098 1826 vultos,
1153 1745 1158 1757 '

371 1849 466 1916 Hune
488 1851 573 1916 enim
594 1850 640 1916 sio
662 1850 1008 1916 ornaverstnatnrnlis
1029 1850 1143 1930 cultus,

370 1955 459 2032 Quod
482 1955 516 2022 in
539 1957 609 2041 ipso
630 1955 755 2021 moouln
776 1955 865 2020 nullo
887 1955 1028 2021 feditatis

369 2059 509 2128 Inveniri
531 2062 637 2146 potuit
659 2083 714 2127 seu
736 2060 958 2126 deformitatis.

458 2298 513 2372 De
541 2299 665 2373 oolore
692 2301 789 2374 outis
817 2299 982 2396 corporis
1008 2299 1111 2374 Jesu.

369 2480 458 2547 (lutis
480 2483 530 2546 sui
552 2483 692 2567 eorporis
714 2483 808 2549 leotei
829 2483 943 2549 eoloris

291 2603 342 2642 ³¹⁸⁶
370 2585 446 2652 Fuit
468 2591 563 2673 etque
585 2589 710 2654 condidi
732 2589 794 2654 lilii
814 2587 969 2654 candoris.

368 2690 489 2757 Tamen
511 2693 746 2778 aliquantulum
768 2695 873 2781 ipsum
894 2717 950 2780 per
972 2693 1116 2760 ardorem

367 2795 422 2863 Sol
443 2797 678 2865 decoloraverat
699 2800 851 2867 maiorem
874 2800 914 2864 od
936 2799 1088 2866 decorem.

367 2901 406 2967 In
428 2925 464 2968 eo
486 2903 534 2968 sol
556 2904 740 2971 rubedinem
763 2905 920 2972 modiosm
941 2903 1076 2988 paravit,

367 3005 434 3083 Qus
455 3009 564 3074 ionoto
585 3031 657 3075 oum
679 3010 823 3076 albedine
845 3011 916 3095 plus
938 3010 1042 3094 ipsum
1065 3007 1235 3074 deoorovit.

288 3129 341 3169 ³¹⁴⁰
368 3111 487 3180 Album
509 3113 653 3181 iunctum
676 3115 851 3182 rubicundo
874 3115 976 3202 magis
999 3112 1143 3180 elnoobot

367 3217 406 3282 In
429 3217 549 3284 Christi
571 3221 766 3305 corpusculo,
789 3221 861 3306 plns
883 3221 988 3305 ipsum
1011 3217 1072 3284 hoo
1093 3216 1231 3283 deoebot.

367 3322 461 3390 Unde
483 3325 565 3391 siout
586 3326 690 3393 lilium
711 3327 745 3392 in
769 3331 856 3392 statu
877 3325 1008 3391 iuvenili

368 3429 530 3496 Condebat
550 3430 654 3512 deson,
678 3433 731 3500 sed
754 3432 819 3498 fuit
841 3436 924 3498 etate
946 3431 1005 3496 snb
1027 3428 1113 3494 viiili

367 3531 522 3601 Fusootus
544 3537 778 3623 aliquantulum
800 3537 875 3602 solis
898 3558 954 3622 per
975 3535 1131 3612 ardorem,

290 3657 342 3694 ³¹⁴⁶
369 3639 431 3715 Qui
452 3639 517 3706 iam
538 3642 573 3708 in
594 3643 664 3727 ipso
686 3641 806 3708 feoerot
828 3642 989 3708 tritiooum
1012 3640 1158 3707 colorem.

367 3745 418 3811 Ito
439 3745 504 3812 fuit
525 3747 675 3814 condidus
699 3752 795 3834 atque
817 3747 1010 3814 rubicundus

368 3850 510 3918 Dilectus
533 3851 637 3934 Jesus,
660 3853 743 3920 siout
764 3854 823 3920 flos
845 3855 948 3939 compi
971 3857 1036 3918 stet
1057 3849 1221 3916 iooondns.

604 4091 659 4166 De
687 4093 830 4188 capillis
857 4091 960 4166 Jesu.

368 4272 465 4360 Nigri
487 4275 537 4340 sui
559 4275 672 4359 ospitis
694 4275 885 4359 fueruntque
907 4273 1024 4358 capilli,

367 4377 481 4446 Molles
503 4383 536 4445 et
556 4401 621 4446 non
644 4381 750 4468 rigidi,
774 4380 863 4467 longi
885 4379 963 4444 sotis
984 4377 1043 4444 illi.
