3014 4926
764 327 805 395 86

215 616 318 700 Quod
341 615 414 686 dux
430 612 648 685 Affrodisius
669 610 815 683 invenit
835 631 989 704 puerum
1007 605 1030 679 J
1033 629 1136 706 esum
1152 608 1190 678 in
1206 604 1371 698 Templo

543 755 626 807 eum
655 733 775 806 Maria
803 735 924 806 matre
953 755 1032 804 suu.

242 917 246 926 ⁴
294 949 344 986 ²41⁰
371 927 461 994 Tune
484 927 548 991 dux
571 924 762 990 Affrodieiue
784 921 938 1008 templum
961 922 1114 1001 circuivit,

371 1032 405 1098 Si
429 1032 499 1117 quis
522 1031 599 1095 illuc
622 1029 744 1096 venerit
766 1034 944 1108 extraneus,
968 1027 1108 1112 querivit

372 1137 416 1202 Et
438 1136 560 1201 invenit
584 1135 740 1220 virginem
762 1132 898 1198 Mariam
921 1132 1119 1209 residentem,

371 1243 419 1308 Ac
441 1243 474 1307 in
498 1243 564 1308 eius
587 1241 659 1305 sinu
681 1261 774 1304 suum
796 1259 930 1322 puerum
952 1241 1121 1314 tenentem,

373 1347 503 1412 Diutius
525 1347 661 1412 intuitus
682 1349 818 1410 matrem
841 1349 873 1410 et
895 1343 1062 1422 infantem,

297 1473 348 1510 ene
375 1453 482 1539 Atque
504 1452 628 1518 vultum
650 1453 740 1536 pueri
761 1473 818 1516 eeu
840 1450 927 1516 sidus
950 1450 1135 1515 radiantem.

373 1559 448 1624 Mox
472 1559 511 1623 ed
534 1563 651 1624 terrem
674 1557 802 1635 corruit,
827 1556 982 1621 infantem
1006 1554 1159 1631 adoravit,

374 1664 573 1748 Matremque
589 1663 766 1747 eumipiene
789 1661 926 1743 benigne
947 1659 1108 1726 salutavit.

379 1768 571 1836 Universum
594 1769 746 1852 populum
771 1768 809 1832 ed
832 1788 865 1832 se
887 1766 1080 1844 convocavit,

378 1873 460 1958 Ipsie
482 1867 592 1939 Jeeum
616 1895 748 1957 puerum
771 1873 828 1937 hee
851 1873 955 1937 dicens
972 1869 1224 1936 ¹demonstravit:

298 1987 348 2036 even
369 1977 493 2044 'Omnes
515 1979 577 2044 hue
598 1979 783 2055 eeneurrite,
803 1979 919 2056 venite,
939 1979 1120 2061 properate,

372 2083 534 2150 ¹quentem
557 2083 641 2148 hune
663 2083 812 2168 smcipite
834 2083 927 2149 deum
950 2083 1096 2148 adorate!

376 2189 436 2254 Hie
458 2195 506 2254 est
527 2189 582 2254 ille
605 2211 682 2273 puer
703 2193 845 2254 nestrum
868 2189 923 2273 qui
943 2192 1063 2252 terrem
1085 2188 1148 2252 hue
1169 2185 1314 2265 intravit,

376 2295 420 2360 Et
439 2295 561 2360 virtute
583 2315 641 2359 rue
655 2294 736 2359 'deos
759 2297 884 2358 nostres
906 2292 1109 2362 conculcavit.

375 2399 413 2464 ln
437 2404 606 2484 eunepeetu
628 2421 686 2464 suu
702 2399 752 2465 dii
775 2404 860 2464 sture
882 2421 946 2464 non
969 2397 1137 2478 audebunt,

298 2523 349 2560 2⁴2⁶
376 2502 437 2569 Sed
459 2503 628 2568 centrariis
649 2503 743 2568 idolis
760 2502 830 2568 vuie
853 2501 1049 2568 recedebant.

375 2607 437 2673 Hic
460 2613 508 2673 est
529 2629 607 2692 puer
629 2608 667 2673 de
690 2626 753 2692 quo
775 2608 866 2672 nobis
890 2629 980 2693 reges
1002 2607 1217 2692 predixerunt,

378 2712 472 2776 Auni)
495 2712 550 2797 qui
570 2713 724 2797 preterito
746 2712 912 2798 Egyptum
931 2713 1158 2791 transiverunt,

377 2819 421 2882 Et
444 2837 609 2882 eumcum
632 2817 815 2883 muneribus
838 2818 903 2882 suis
926 2817 1140 2902 quesiverunt,

380 2922 425 2987 ut
438 2922 486 2987 ed
509 2945 581 2988 eum
603 2922 696 2987 stella
715 2943 798 2988 nove
820 2923 897 2988 duee
919 2927 1139 3006 pervenerunt,

300 3047 351 3084 ²⁴³0
377 3028 422 3093 Et
445 3049 502 3092 nos
520 3027 654 3092 eundem
677 3027 813 3094 vidimus
835 3027 959 3092 stellam
983 3031 1207 3093 eonmumrtem.

379 3131 491 3197 Ortum
516 3133 610 3197 huius
633 3132 723 3216 pueri
744 3133 862 3198 mundo
885 3131 1095 3198 nuntiantem.

379 3237 441 3302 Hie
464 3243 511 3304 eet
528 3261 612 3322 ‘puer
634 3238 672 3304 de
694 3261 757 3324 quo
780 3239 872 3306 nobis
895 3238 949 3304 ille
975 3237 1177 3323 prophetavit

380 3341 543 3423 Jeremim,
567 3361 661 3428 quem
686 3343 786 3410 Assur
807 3345 847 3408 ed
871 3349 988 3409 terrem
1010 3343 1094 3408 hane
1115 3341 1249 3428 fugavit.

380 3445 448 3511 Heu
470 3451 518 3512 eet
540 3447 642 3528 stelle,
666 3453 753 3512 vetes
775 3451 883 3512 noster
906 3469 1002 3532 quum
1024 3447 1155 3512 Balaam
1177 3447 1333 3512 orituram

300 3571 350 3608 2⁴³⁵
378 3550 563 3617 Predixerrt
579 3573 622 3617 ex
645 3550 743 3616 Israel
765 3555 798 3617 et
819 3550 919 3617 Jeeob
942 3573 1148 3637 egressurum.
1206 3623 1207 3626 Ἴ

380 3655 441 3719 Hic
463 3659 511 3720 eet
534 3677 588 3722 rex
611 3659 643 3722 et
663 3655 822 3734 dominus,
845 3656 897 3721 hie
919 3661 968 3721 est
990 3679 1068 3740 puer
1091 3656 1154 3734 ille,

380 3759 428 3824 De
451 3782 514 3844 quo
538 3761 629 3825 nobis
652 3761 857 3844 predixerunt
878 3762 1020 3828 carmine
1042 3761 1162 3828 Sibille.

380 3864 444 3930 Iste
465 3889 553 3950 puer,
576 3889 669 3950 quem
692 3867 815 3946 videtis,
839 3868 914 3933 deus
937 3871 1039 3933 estet
1061 3867 1166 3946 homo,

379 3968 452 4036 Non
476 3970 550 4036 tulis
572 3971 653 4036 sieut
674 3971 777 4037 nostri
800 3972 843 4037 dii
866 3972 921 4057 qui
944 3973 1048 4038 iacent
1070 3971 1104 4036 in
1126 3971 1186 4037 hee
1208 3971 1310 4037 domo.

301 4095 352 4132 mu
378 4074 444 4140 Iste
466 4098 544 4160 puer
566 4075 640 4140 deus
658 4081 721 4156 eet,
745 4099 862 4161 rexque
884 4081 1076 4161 regnaturus

380 4180 441 4245 Per
463 4185 567 4245 totum
590 4181 698 4246 orbem
721 4204 836 4266 povem
859 4181 961 4267 legem
983 4181 1163 4266 mundoque
1184 4182 1325 4247 daturne.

381 4283 475 4348 Hunc
496 4284 651 4349 infantem
675 4287 796 4370 peperit
818 4287 910 4372 virgo
933 4287 1001 4352 sine
1023 4291 1123 4370 putre,

380 4388 550 4476 Ipsumque
573 4391 648 4456 deus
671 4392 783 4477 genuit
804 4393 838 4456 in
861 4391 928 4457 celo
952 4391 1020 4456 sine
1041 4395 1152 4456 matre.
