3072 4936
697 363 759 431 131

154 541 293 622 Ulmum,
317 547 412 628 prout
435 546 483 607 est
504 543 617 608 civitas
642 543 785 626 imperii3
816 543 996 607 dotalibus
1019 543 1104 606 enim
1128 542 1306 607 deliberant

152 653 187 713 et
210 648 286 732 quid
302 647 481 712 faciendum
500 647 552 720 sit,
577 647 659 710 votis
675 647 867 730 exprimunt,
889 650 1076 712 nontamen
1098 647 1304 725 sententiant,

153 753 209 818 sed
232 775 251 817 a
273 753 509 817 commentariis
533 757 589 816 aut
622 753 771 816 balivus¹
803 757 859 817 aut
881 753 1042 832 minister,
1076 773 1170 837 quem
1193 754 1305 838 vulga-

152 857 231 922 riter
258 855 412 922 ammau'
435 859 619 938 nominant,
642 858 698 942 qui
719 857 866 924 officialia
889 858 1090 942 imperatoris
1113 861 1170 936 est,
1196 859 1305 924 audita

153 985 250 1028 causa
282 968 315 1028 ct
336 963 515 1028 intentione
537 963 654 1027 civium
686 964 877 1027 sententiam
900 962 963 1027 fert
987 962 1116 1041 ultimo,
1147 963 1228 1026 etsi
1251 963 1305 1026 de-

153 1091 250 1152 super
265 1073 341 1134 sunt
364 1069 479 1132 litterae
495 1067 706 1146 conficiendae,
730 1067 869 1150 ipsesuo
892 1067 995 1131 munit
1012 1089 1064 1131 eas
1079 1067 1196 1152 sigillo.
1244 1065 1305 1130 Hic

153 1173 299 1238 minister
315 1194 378 1237 non
395 1177 443 1237 est
465 1173 503 1236 de
526 1193 656 1255 corpore
672 1171 798 1236 civium.
844 1169 929 1235 Olim
946 1175 1052 1236 autem
1076 1175 1145 1236 erat
1164 1170 1304 1236 cilicium

153 1277 287 1344 alicuius
310 1277 446 1342 illustris
461 1275 586 1352 nobilis,
611 1277 686 1360 quia
701 1275 1057 1362 honorificentissimum
1079 1279 1148 1340 erat
1170 1279 1203 1338 et
1218 1297 1304 1340 sum·

152 1405 241 1448 mum
265 1384 297 1447 in
314 1383 443 1446 civitate
466 1385 540 1446 ante
557 1382 709 1446 Karolurn
726 1385 894 1466 quartum:
918 1381 971 1444 sed
988 1383 1060 1464 post
1075 1402 1157 1460 eum,
1180 1384 1304 1445 mutato

151 1491 251 1567 statu,
275 1493 307 1552 et
328 1488 478 1552 instituto
495 1487 695 1571 magistratu,
720 1508 784 1550 non
800 1485 910 1568 magni
934 1485 1081 1569 ponderis
1105 1491 1163 1550 eat.
1210 1484 1303 1550 Unde

151 1592 246 1658 hodie
269 1593 352 1658 cives
385 1592 541 1657 ulmenses
570 1591 695 1677 eligunt
717 1590 820 1654 virum
845 1589 982 1674 aliquem
1014 1591 1053 1656 ad
1078 1590 1138 1655 hoc
1160 1589 1303 1656 officium

150 1697 345 1762 industrium
368 1703 400 1763 et
423 1697 482 1761 sibi
500 1697 663 1780 placitum,
686 1697 720 1759 in
743 1696 832 1760 errius
849 1696 992 1760 absentia
1016 1695 1171 1760 bacellum
1195 1695 1302 1759 iudicii

150 1804 293 1882 tradunt,
316 1803 366 1868 cui
391 1801 512 1867 volunt.

239 1907 298 1972 Sed
332 1913 364 1972 et
394 1906 673 1992 protonotarium³
704 1905 826 1971 habent
857 1927 980 1991 semper
1010 1905 1154 1970 consules
1187 1929 1302 1983 secum,

151 2012 208 2096 qui
232 2012 271 2076 de
293 2035 424 2077 numero
447 2015 612 2079 consulum
634 2036 698 2079 non
722 2021 788 2092 est,
812 2016 919 2080 omnia
941 2019 1047 2080 tamen
1072 2019 1143 2079 acta
1165 2018 1198 2079 et
1219 2015 1302 2078 iudi-

151 2121 224 2182 cata
255 2120 423 2203 consignat
454 2120 493 2184 ad
525 2121 694 2204 imperium
725 2120 908 2200 consulum,
941 2119 1101 2203 habetque
1131 2119 1252 2204 grande
1284 2140 1303 2182 a

151 2221 282 2286 civitate
315 2222 529 2307 stipendium,
559 2229 592 2287 et
623 2229 671 2288 est
702 2223 847 2307 provisor
876 2222 1072 2288 cancellariae
1102 2221 1302 2286 dominorum

155 2324 363 2402 Ulmensium,
389 2331 421 2391 et
444 2327 542 2393 habet
565 2327 671 2412 plures
695 2327 912 2406 subnotarios,
936 2327 1106 2411 scriptores
1129 2329 1162 2391 et
1184 2347 1300 2390 servos.

152 2431 213 2495 Est
235 2433 319 2496 enim
343 2431 531 2497 cancellaria
555 2431 754 2498 Ulmensium
786 2434 825 2498 ad
848 2433 976 2498 modum
1001 2431 1156 2516 regalium
1178 2431 1302 2496 cancel-

151 2537 322 2614 lariamm3
340 2537 372 2600 in
390 2560 454 2622 qua
468 2559 559 2602 casus
575 2539 655 2602 varii
671 2543 703 2604 et
717 2539 827 2622 magni
843 2538 929 2602 omni
946 2540 1106 2602 momento
1122 2540 1301 2614 occurrunt,

150 2645 282 2726 propter
310 2642 394 2727 quod
423 2642 522 2708 habet
550 2666 677 2708 cursum
708 2647 741 2708 st
770 2644 937 2728 strepitum
967 2643 1163 2708 continuum.
1210 2638 1302 2704 Unde

150 2747 280 2812 iuvenes
303 2747 509 2812 honestorum
531 2749 706 2828 hominurn,
730 2749 785 2834 qui
801 2749 839 2813 ad
864 2747 1046 2813 huiusmodi
1068 2745 1200 2829 aptandi
1215 2748 1301 2822 sunt,

150 2873 171 2916 a
194 2851 370 2937 longinquo
394 2851 523 2918 Ulmam
545 2854 718 2918 mittuntur
747 2854 779 2918 in
804 2852 1038 2930 cancellariam,
1071 2855 1107 2915 ut
1134 2850 1179 2914 ibi
1210 2850 1301 2935 quasi

150 3060 184 3125 in
209 3061 279 3124 aliis
302 3062 485 3127 civitatibus
516 3063 643 3146 probati
672 3062 884 3147 protonotarii
916 3060 1084 3126 habentur.
1130 3059 1301 3124 Modernus

150 3165 389 3249 protonotarius
412 3171 460 3230 est
482 3167 628 3232 dominus
658 3165 777 3250 Caspar
805 3165 955 3232 Suertfer
968 3165 999 3244 ⁴,
1030 3165 1079 3229 vir
1106 3163 1300 3247 ingeniosus,

150 3275 317 3353 promptus
331 3275 364 3334 et
379 3271 566 3350 laboriosus
589 3272 708 3356 probus
724 3276 756 3337 et
771 3275 967 3355 personatus,
989 3270 1044 3354 qui
1059 3269 1177 3333 multos
1193 3269 1301 3333 edocet

149 3374 279 3439 iuvenes
301 3378 334 3439 et
355 3375 440 3440 viros
463 3381 609 3461 expertos
633 3377 736 3441 nutrit
757 3375 792 3440 in
814 3375 974 3440 laboriosa
994 3375 1051 3438 illa
1074 3372 1271 3438 cancellaria.

239 3479 321 3544 Sunt
336 3482 431 3546 etiam
448 3481 504 3546 alii
519 3481 610 3546 electi
626 3504 645 3545 a
660 3481 826 3546 consulatu
842 3480 981 3546 civitatis
997 3477 1197 3556 thesaurarii,
1221 3500 1300 3562 quos

149 3584 319 3648 nominant
341 3587 581 3650 ratiocinatores
596 3584 619 3666 ⁶,
643 3585 719 3670 quia
740 3585 899 3669 recipiunt
914 3605 1039 3648 omnem
1055 3581 1219 3667 pecuniam
1237 3583 1300 3648 rei·

717 3720 735 3759 il!

223 3817 367 3872 lbalivus
386 3817 485 3872 Schad.
504 3817 573 3874 Golr.
591 3817 711 3875 Schmid.
737 3817 823 3873 Wibl.
844 3817 887 3872 Kl.
923 3815 1036 3872 balinus
1065 3815 1138 3873 Mon.
1164 3817 1188 3870 2.
1214 3817 1298 3873 Woll.

149 3903 262 3958 balivus
288 3907 338 3958 aut
363 3906 506 3974 magister.
525 3905 609 3962 Woll.
680 3907 697 3960 2
716 3907 795 3961 Statt
807 3906 943 3960 Ammans
956 3904 1043 3974 Ampt
1055 3903 1123 3960 Golr.
1144 3919 1188 3957 am
1202 3905 1297 3960 rande.

149 3991 231 4046 Stati
249 3989 390 4046 Ammanll
410 3995 443 4047 Α,
461 3992 534 4048 Besa.
554 4011 600 4048 am
619 3993 715 4048 rande.
769 3992 1017 4048 3Stattschreiber
1029 3991 1097 4046 Golr.
1117 3993 1146 4046 et
1160 3991 1231 4046 Besa.
1250 4011 1296 4046 arn

148 4077 246 4134 rande.
282 4079 528 4150 prothonotarium
548 4081 621 4138 Mon.
641 4083 663 4137 2.
684 4081 783 4136 Schad.
807 4081 927 4136 Schmid,
953 4079 1038 4134 Wibl.
1064 4080 1133 4134 Golr.
1162 4079 1204 4133 Kl.
1226 4078 1298 4134 Besa.

147 4168 164 4220 4
184 4165 318 4222 Swertler
337 4167 410 4224 tlon
429 4169 453 4223 2.
472 4167 541 4224 Gok.
563 4169 634 4225 Besa.
669 4168 851 4226 Schwartaler
869 4171 947 4236 (tiber
966 4167 1029 4222 dem
1053 4186 1067 4222 a
1091 4167 1137 4222 ein
1155 4168 1179 4239 s)
1198 4167 1298 4224 Schad.

148 4251 320 4308 Schwertzer
339 4251 458 4310 Schmid.
479 4254 565 4310 Wibl.
585 4255 628 4310 Kl.
665 4254 868 4325 Schwartseger
889 4255 971 4312 Woll.
1064 4257 1080 4308 5
1101 4254 1298 4310 Stdttrechuer

146 4339 215 4396 oder
233 4339 422 4398 Stewrherran
441 4343 514 4398 Besa.
533 4343 601 4399 Golr.
622 4361 668 4398 am
687 4344 783 4399 rande.
825 4345 1015 4401 racionatores
1037 4344 1111 4399 Mon.
1130 4343 1156 4396 2.
1203 4343 1298 4402 Ratio-

147 4429 326 4484 naciuutores
346 4426 413 4484 dol.
433 4429 507 4485 Besa.
