3080 4938
569 1419 797 1527 Principale
829 1419 859 1506 Ι.

169 1632 213 1702 lte
236 1634 363 1718 origine
387 1633 533 1738 civitatis
557 1632 711 1701 ulmensis
733 1633 868 1718 eiusque
892 1635 1021 1702 vetusta
1044 1635 1254 1720 antiquitate.

229 1879 360 1949 Ulmam
383 1905 450 1950 esse
471 1881 729 1968 antiquissimum
752 1881 905 1968 oppidum
928 1881 1094 1967 sequentia
1124 1883 1291 1950 manifeste

140 1988 417 2054 demonstrabunt.
463 1987 523 2054 see
539 1988 611 2073 quis
626 1988 771 2052 conditor
787 1988 854 2053 eius
869 1987 967 2053 fuerit
982 1987 1010 2052 si
1024 1989 1173 2068 nesciam,
1197 2010 1290 2054 nemo

137 2095 273 2160 miretur
303 2115 361 2159 neo
391 2093 578 2158 condemnet
600 2092 788 2178 imperitia,
822 2092 915 2178 quia,
948 2097 984 2157 ut
1015 2093 1122 2178 inquit
1150 2092 1290 2158 Isidorus

137 2201 158 2266 l.
187 2201 227 2266 15
251 2200 530 2286 Etymologiarum
551 2200 586 2264 iu
601 2221 627 2265 o.
647 2201 674 2280 l,
698 2200 736 2265 de
760 2199 925 2265 autoribus
947 2198 1147 2264 conditarum
1163 2197 1291 2263 urbium

136 2305 325 2392 plerumque
339 2306 492 2396 dissensio
507 2305 679 2385 invenitur,
704 2305 781 2370 adeo
802 2309 839 2370 ut
853 2326 911 2370 nec
927 2303 1015 2369 urbis
1029 2304 1157 2390 quidem
1177 2301 1289 2369 Romae

138 2411 231 2496 urigo
254 2411 356 2496 possit
385 2411 531 2496 agnosci3
564 2433 638 2476 narn
660 2408 818 2476 Salustius
849 2410 926 2475 dicit
957 2410 1070 2476 urbem
1099 2407 1235 2474 Romam
1270 2430 1289 2474 a

10 2556 13 2562 ·
140 2513 289 2601 Trojauis
311 2516 415 2600 primo
438 2516 627 2582 aedificatam
650 2520 682 2582 et
701 2515 926 2595 inhabitatam,
949 2515 1107 2601 Virgilius
1123 2515 1163 2579 ab
1182 2513 1291 2579 Evan-

136 2619 205 2700 dro,
229 2621 387 2686 Eusebius
417 2643 437 2686 a
458 2619 613 2702 Romulo,
637 2619 797 2686 Orosius¹
829 2644 848 2686 a
878 2623 981 2707 primo
1002 2621 1190 2686 Latinorum
1213 2641 1288 2706 rege

137 2723 255 2804 Proca3
280 2725 427 2792 omnibus
449 2729 557 2792 autem
579 2729 692 2792 notum
708 2729 766 2806 est,
790 2725 875 2811 quod
896 2729 971 2790 ante
985 2724 1044 2790 hos
1059 2747 1168 2790 omnes
1185 2723 1288 2789 Janus

135 2833 229 2914 pater
251 2834 284 2895 et
306 2831 382 2896 deus
405 2831 536 2896 deornm
552 2831 734 2897 nominatus
749 2832 782 2896 in
798 2830 947 2897 Janiculo
963 2834 1071 2896 monte
1090 2830 1176 2896 haud
1193 2829 1289 2916 longa

136 2956 157 2998 a
179 2932 284 3000 Roma
316 2935 478 3001 civitatem
501 2935 656 3015 condidit,
679 2937 714 3001 in
736 2958 801 3020 qua
822 2936 944 3020 primus
966 2933 1070 3000 Italiae
1092 2956 1148 3000 rex
1172 2955 1288 3020 regna-

137 3041 201 3119 uit,
232 3045 265 3106 et
287 3039 461 3106 Saturnum
490 3063 596 3127 regern
620 3039 722 3107 Orecae
752 3039 874 3106 aJove
895 3039 1023 3126 pulsum
1055 3039 1196 3124 hospitio
1218 3061 1289 3104 sus-

137 3145 232 3230 cepit,
255 3146 310 3230 qui
333 3151 365 3212 et
386 3147 454 3232 ipse
475 3169 538 3212 non
562 3131 660 3232 longe
683 3171 702 3212 a
724 3145 800 3213 Jani
823 3146 952 3212 civitate
967 3145 1079 3210 urbem
1099 3143 1286 3210 construxit

138 3245 251 3312 Manet
274 3271 350 3336 ergo
373 3251 432 3316 sub
455 3249 568 3332 dubio,
599 3273 640 3316 an
663 3249 819 3316 Romulus
842 3249 978 3316 Romam
1009 3250 1113 3336 pomo
1142 3253 1289 3314 constru-

135 3353 231 3434 xerit,
255 3357 400 3440 quamuis
423 3355 555 3420 dubium
577 3377 642 3420 nou
664 3355 707 3421 sit
729 3356 840 3422 urbem
870 3379 890 3420 a
911 3378 944 3422 se
967 3355 1221 3434 denominatam,
1250 3376 1289 3418 ex

135 3481 201 3544 quo
232 3457 431 3526 fundationis
461 3461 616 3526 honorem
649 3459 787 3527 faciliter
820 3483 974 3545 usurpare
1005 3461 1129 3546 potuit,
1164 3459 1289 3525 etiamsi

135 3564 290 3630 fundator
318 3585 382 3632 non
404 3567 521 3632 extitit.
567 3565 615 3632 De
637 3566 813 3632 clarissima
828 3567 926 3632 etiam
941 3567 1040 3632 totius
1056 3566 1142 3632 orbis
1158 3565 1287 3631 civitate

135 3667 252 3754 Troja,
287 3671 346 3736 etsi
378 3672 497 3737 sciatur
528 3672 594 3737 eius
626 3671 754 3736 initium
786 3675 818 3737 et
847 3671 940 3751 finis,
971 3672 1058 3738 locus
1087 3676 1195 3738 tamen
1223 3691 1289 3735 suae

136 3774 321 3840 situationis
344 3775 425 3840 nulli
455 3798 606 3862 umquam
637 3799 695 3862 pro
725 3781 811 3842 certo
842 3781 1038 3862 compertum
1070 3781 1126 3842 est.
1173 3774 1289 3842 Sedet

135 3879 316 3962 Thebanae,
355 3881 626 3964 Lacedaemonia,
672 3883 893 3963 Atheniensis,
934 3882 1096 3962 Corinthi,
1134 3883 1286 3968 Mycenae,

135 3985 271 4052 Larissae
302 3991 335 4052 et
361 3987 495 4054 aliarum
519 3987 648 4054 Graeciae
671 3989 882 4054 maximarum
906 3993 938 4054 et
962 3988 1288 4054 nominatissimarum

135 4091 281 4174 urbium,
310 4092 337 4158 si
368 4115 452 4158 nunc
484 4093 628 4179 requiras
650 4116 777 4174 muros,
807 4116 864 4160 nec
894 4095 1002 4160 ruinas
1035 4093 1191 4173 invenias,
1223 4093 1289 4158 imo

137 4197 242 4262 solum
264 4197 297 4262 in
326 4220 390 4282 quo
418 4197 604 4284 jacueruut,
636 4221 730 4265 nemo
759 4203 856 4285 queat
886 4199 1064 4280 ostendere,
1095 4195 1288 4284 antiquitate

704 4343 722 4384 ¹8

209 4452 221 4506 1
242 4449 382 4508 Honorius
399 4448 484 4506 Wibl.
521 4449 654 4508 Horatius
671 4451 741 4507 aon.
759 4450 832 4508 Boas.

189 4555 316 4598 numan·
330 4555 360 4598 u·
372 4556 471 4598 alume
486 4557 597 4602 nunaunt.
1062 4555 1076 4610 1
