3014 4926
783 335 845 402 132

402 510 629 596 Apostolorum
653 533 802 578 numerus
825 511 910 578 foret
932 511 1101 579 duodenus.

235 651 240 662 ·
325 635 377 674 7777
404 617 472 684 Hos
494 638 568 682 vero
591 616 753 682 duodecim
780 617 940 702 apostolos
962 617 1096 698 vocavit,

404 721 455 786 Ad
477 721 702 806 predicandum
727 722 777 788 dei
799 743 933 808 regnum
956 743 1012 806 per
1032 721 1187 788 mundum
1210 721 1391 804 destinavit,

408 825 455 893 Ut
476 826 623 892 demones
645 827 792 912 ejicerent
814 828 892 892 dans
913 827 992 912 ipsis
1013 830 1201 911 potestatem

404 933 449 998 ht
470 937 618 998 curarent
639 955 747 1000 omnes
771 931 898 998 morbos
921 936 978 996 aut
999 931 1228 998 infirmitatem.
1291 973 1298 990 ·

250 1246 304 1320 De
331 1251 519 1322 sororibus
548 1249 700 1343 virginis
728 1248 844 1320 Marie
878 1250 918 1320 et
943 1245 1028 1320 filiis
1057 1267 1185 1319 eorum
1221 1251 1262 1318 et
1289 1247 1390 1320 viris.

406 1451 467 1518 Sed
490 1475 529 1518 ex
551 1453 601 1518 his
624 1453 788 1518 duodecim
811 1453 962 1538 apostolis
984 1454 1113 1539 cognati

329 1577 380 1614 7777
408 1547 511 1624 Erarit
533 1560 674 1645 quinque
695 1557 773 1624 Jesu
795 1559 924 1640 Christi,
947 1581 1022 1623 nam
1044 1559 1174 1624 luerunt
1195 1560 1263 1625 nati

406 1664 539 1744 Duabus
562 1686 600 1730 ex
622 1665 784 1730 sororibus
806 1664 941 1751 virginis
964 1663 1075 1745 Mario,

406 1767 495 1836 Sicut
516 1774 628 1834 narrat
649 1770 745 1836 series
767 1769 961 1856 genealogie.

405 1873 491 1940 Nam
513 1874 608 1939 Anna
631 1878 664 1940 et
684 1873 816 1940 Ismenia
837 1896 960 1940 sorores
983 1875 1156 1940 extiterunt

405 1977 479 2044 Uno
500 1983 592 2064 patre
614 1980 680 2044 sive
701 1981 803 2044 matre
825 1982 961 2064 natequc
982 1979 1120 2044 fuerunt.

329 2101 379 2139 7777
406 2082 524 2149 (lenuit
545 2082 677 2150 Ismaria
698 2083 863 2150 Elisabeth
887 2105 948 2168 que
969 2083 1060 2148 duxit

406 2188 601 2269 Zachariam,
625 2191 748 2274 dequo
771 2191 889 2255 mundo
912 2190 1133 2275 propheticum
1155 2192 1264 2256 illuxit

406 2295 536 2374 humen,
559 2297 635 2380 quia
656 2296 769 2381 genuit
789 2293 968 2360 Johannem
992 2317 1206 2380 precursorem

407 2399 451 2464 lilt
472 2401 646 2485 baptistam
668 2399 798 2480 domini,
821 2400 895 2465 fidei
917 2400 1086 2466 doctorem.

408 2506 503 2571 Anna
525 2507 616 2571 duxit
635 2505 783 2570 Joachim
806 2505 862 2590 qui
883 2505 1040 2590 virginem
1062 2505 1195 2571 Mariam

329 2628 380 2666 7777
408 2609 534 2692 (lenuit,
557 2611 614 2677 hec
636 2613 758 2697 peperit
780 2610 891 2678 Jesum
912 2611 1034 2696 prolem
1057 2612 1151 2696 piam.

406 2715 473 2781 Hac
496 2717 599 2781 Maria
620 2721 729 2780 sancto
751 2715 873 2799 Joseph
895 2715 958 2780 fnit
979 2716 1168 2800 desponsata

407 2821 509 2908 Virgo
531 2843 654 2906 semper
675 2843 861 2906 permanens
882 2821 1141 2886 incontaminata.

407 2927 496 2992 Tunc
517 2931 661 2991 mortuus
683 2929 732 2990 est
754 2923 900 2989 Joachim
923 2928 956 2989 at
978 2923 1073 2989 Anna
1096 2925 1225 2990 viduata

406 3033 466 3097 Est
488 3032 556 3096 viro
578 3053 634 3115 per
656 3029 847 3115 coniugium.
860 3030 996 3095 secundo
1018 3030 1174 3114 copulata.

330 3155 382 3192 7777
408 3137 453 3202 Et
475 3137 527 3200 hic
548 3141 616 3201 erat
637 3135 737 3200 frater
759 3132 889 3219 Joseph,
914 3133 1069 3217 Gleophas
1094 3139 1232 3216 vocatus,

407 3242 469 3320 Qui
492 3242 634 3306 secundis
658 3242 778 3325 nuptiis
801 3245 850 3306 est
871 3239 964 3305 Anne
987 3241 1133 3306 sociatus.

407 3347 469 3412 Hic
491 3347 619 3411 Annam
644 3345 717 3410 iecit
739 3347 855 3410 iterum
876 3345 1019 3429 germine
1041 3345 1218 3426 fecundam,

407 3453 475 3530 Qus
496 3451 632 3516 Mariam
654 3450 766 3535 genuit
788 3449 888 3514 filiam
911 3451 1089 3516 secundam.

407 3557 474 3622 Hec
497 3555 600 3620 Maria
622 3555 697 3620 data
718 3554 783 3619 fuit
804 3555 838 3618 in
860 3555 1027 3641 coniugem
1050 3555 1174 3640 Alpheo

330 3681 381 3718 7777
409 3660 587 3746 Genuitque
609 3663 746 3745 quatuor
768 3659 851 3724 filios
874 3659 914 3724 ab
937 3681 990 3724 eo:

405 3763 561 3830 Jacobum
584 3769 615 3830 et
637 3763 797 3830 Simonem
820 3767 851 3830 et
873 3761 990 3828 Judam
1013 3764 1207 3849 appellatum

406 3869 575 3948 letheum,
598 3875 693 3955 atque
715 3868 835 3954 Joseph
858 3870 978 3935 iustum
1001 3869 1164 3936 Barsaban
1189 3873 1345 3936 vocatum.

407 3975 551 4051 Quatuor
573 3976 628 4039 isti
650 3976 770 4040 domini
792 3974 908 4040 fratres
931 3975 1127 4054 dicebantur,
1484 4045 1485 4094 1

405 4079 491 4146 Nam
512 4081 613 4168 geniti
635 4079 672 4144 de
694 4053 848 4145 frhtribus
871 4080 993 4146 duobus
1016 4081 1229 4166 putabantur;

327 4203 379 4242 7777
407 4185 551 4250 Duarum
574 4205 699 4269 quoque
721 4183 780 4247 filii
802 4206 947 4249 sororum
970 4186 1145 4251 ext'terunt

405 4289 569 4375 Vultuque
591 4289 746 4354 simillimi
768 4290 896 4354 domino
918 4291 1059 4356 fuerunt.

406 4391 465 4460 Sed
489 4399 520 4458 et
542 4395 603 4460 iste
625 4393 780 4480 Cleophas
803 4417 874 4461 cum
895 4395 1091 4462 moriebatur
