3034 4922
761 325 825 392 238

372 499 530 566 Universa
552 521 626 564 vera
648 503 723 564 sunt
744 501 783 564 de
805 498 883 565 Jesu
905 522 966 585 que
988 501 1103 564 audisti

373 603 403 668 A
426 602 582 679 Johaune,
605 603 655 668 vel
678 603 718 667 ab
742 625 778 668 eo
800 625 994 688 quecumque
1017 603 1163 668 didicisti.

294 730 345 766 ⁷⁰⁷0
372 709 432 774 Per
454 709 547 774 fidem
569 709 620 773 his
641 709 786 774 inherens
807 713 840 774 ct
862 709 996 773 firmiter
1018 709 1075 774 hec
1097 711 1214 790 credes,

374 812 417 878 ut
438 815 479 878 sb
502 813 552 878 his
575 813 755 878 nullatenus
777 813 956 878 incredulus
977 816 1129 880 recedas.'

374 919 482 984 Vitam
505 923 594 983 tuam
617 922 712 1005 atque
734 941 836 983 mores
860 923 934 984 voto
957 924 994 984 tu
1015 921 1202 1001 conformes,

374 1024 538 1108 Exemplis
560 1024 652 1087 bouis
674 1027 706 1087 et
728 1023 880 1088 doctrinis
902 1024 1080 1089 incredulos
1103 1025 1264 1106 informes,

374 1127 535 1194 instanter
557 1133 590 1192 et
612 1128 746 1192 viriliter
769 1130 889 1193 stes‘in
912 1129 964 1192 ria
986 1129 1114 1210 Christi,

297 1253 349 1292 ποτε
376 1233 403 1298 Α
428 1233 480 1296 via
501 1231 583 1296 nibil
606 1233 709 1297 demas
732 1234 778 1297 ire
800 1255 895 1318 quam
917 1235 1037 1318 cepisti.

374 1337 430 1403 Nil
453 1341 579 1402 moreat
601 1339 769 1402 austeritas
792 1343 824 1403 te
847 1339 1082 1423 persecutionis,

376 1441 443 1508 Nec
465 1449 497 1506 te
518 1443 627 1507 turbet
649 1443 820 1508 multitudo
842 1445 1069 1509 tribulationis.

376 1547 427 1612 Ad
450 1570 504 1612 vos
526 1570 598 1612 cum
619 1547 767 1638 Johanne
790 1571 858 1612 meo
880 1549 949 1613 cito
965 1571 1036 1613 sum
1059 1553 1201 1627 ventura,

378 1651 564 1738 Neophytos
586 1653 641 1738 qui
663 1657 768 1718 tecum
789 1657 865 1718 sunt
886 1659 984 1739 utque
1005 1659 1038 1719 te
1056 1655 1172 1718 visura

300 1777 351 1815 acu
378 1757 489 1822 Salvus
511 1757 554 1821 sis
577 1761 610 1821 et
631 1757 736 1822 valeas
757 1757 792 1820 in
814 1757 872 1822 deo
894 1757 1037 1837 salutari,

375 1862 413 1927 In
436 1885 473 1928 eo
494 1867 569 1927 tuus
591 1862 722 1946 spiritus
743 1863 845 1946 possit
867 1867 904 1928 ut
925 1864 1056 1928 letarii«

300 2181 397 2266 Quot
424 2181 530 2254 annis
558 2180 677 2254 Maria
704 2181 809 2274 virgo
837 2181 972 2254 vixerit
1001 2184 1291 2276 superterram.

377 2388 511 2454 Sanctus
532 2389 731 2473 Epiphanius
754 2389 865 2454 scribit
888 2391 971 2476 quod
994 2391 1107 2470 Maris,

378 2493 479 2580 Virgo
501 2495 550 2558 dei
573 2495 721 2579 genitrix,
743 2495 920 2560 misericors
942 2499 975 2560 et
995 2496 1059 2580 pia,

377 2598 587 2684 Septuaginta
609 2599 686 2664 duos
708 2623 807 2664 annos
829 2601 863 2664 in
886 2601 946 2665 hac
967 2601 1095 2666 mortali
1118 2601 1184 2666 vita

300 2723 351 2760 coes
378 2703 541 2782 Merserit,
564 2709 597 2769 et
618 2727 717 2770 annos
739 2705 797 2770 hos
819 2710 983 2790 computet
1005 2705 1057 2770 hic
1078 2707 1140 2770 ita:

375 2809 435 2873 Per
457 2814 578 2893 septem
599 2832 698 2874 anuos
719 2811 837 2875 mansit
858 2811 964 2875 infans
986 2811 1019 2874 in
1043 2813 1135 2876 domo
1159 2811 1207 2875 sui
1230 2810 1342 2893 patris,
1422 2839 1425 2844 ·

377 2914 421 2979 hlt
443 2914 608 2978 fruebatur
628 2915 772 2978 dulcibus
794 2914 945 2980 fomentis
967 2938 1023 2980 sue
1045 2916 1165 2980 matris.

378 3018 454 3084 Post
476 3019 592 3084 hocin
615 3017 790 3085 Jerusalem
813 3019 871 3084 bec
893 3019 1153 3100 transferebatur,

351 3119 355 3127 ¹
379 3125 424 3190 Et
446 3127 479 3188 in
501 3124 620 3209 templo
643 3123 819 3190 Salomonis
842 3126 1055 3190 associebatur

192 3315 194 3318 Ι
300 3251 351 3286 ⁷⁰⁹0
378 3229 576 3316 Virginibus,
599 3253 660 3314 que
681 3231 799 3316 iugiter
820 3231 866 3294 ibi
888 3231 1068 3295 serviebant

378 3335 455 3415 Dec,
479 3335 532 3399 sed
555 3340 587 3400 et
608 3357 697 3400 sacra
718 3337 828 3420 templi
851 3359 912 3421 que
934 3337 1162 3402 custodiebant.
1274 3419 1279 3430 ·

379 3439 456 3504 Cum
479 3441 543 3504 illis
566 3463 641 3526 ergo
663 3445 782 3524 septem
806 3441 897 3505 annis
920 3443 954 3504 in
977 3442 1027 3504 dei
1048 3441 1200 3506 servitute

379 3543 471 3608 Vixit
493 3549 526 3610 et
547 3547 580 3609 in
603 3547 709 3630 gratia
732 3547 866 3630 profecit
886 3553 919 3612 et
940 3548 1068 3612 virtute.

376 3649 467 3714 Circa
488 3651 790 3735 quintumdecimum
812 3675 929 3716 annum
952 3654 1159 3736 desponsatur

300 3774 351 3812 ποοῦ
378 3755 507 3838 Joseph,
531 3757 618 3820 etin
639 3755 799 3820 Nazareth
822 3757 862 3821 ad
883 3761 1007 3840 patrem
1030 3757 1226 3835 mittebatur,

381 3859 500 3924 Eodem
523 3882 605 3924 auno
628 3860 773 3925 dominus
795 3861 870 3926 huic
892 3862 1110 3941 &nuntiatum

380 3964 479 4041 Quem
502 3966 624 4049 peperit
645 3965 679 4027 in
701 3965 829 4029 civitate
852 3989 913 4050 que
935 3965 1122 4032 Bethlehem
1144 3969 1284 4030 vocatur.

379 4067 417 4132 ln
440 4067 626 4134 Bethlehem
649 4091 720 4133 eum
742 4069 808 4134 filio
831 4093 887 4155 per
909 4094 1008 4136 unum
1030 4092 1149 4136 annum
1171 4071 1299 4151 mansit,

380 4172 456 4237 Post
478 4173 537 4237 hoc
559 4172 715 4239 Herodem
739 4175 865 4260 fugiens
888 4178 927 4241 ad
950 4175 1116 4262 Egyptum
1137 4177 1262 4241 transit.

301 4299 352 4335 ruo
379 4277 415 4342 In
440 4277 568 4362 Egypto
590 4282 710 4362 septem
734 4281 825 4344 anuis
846 4283 965 4345 mansit
986 4305 1058 4346 cum
1080 4282 1212 4360 infante,

381 4383 500 4450 Deinde
523 4384 605 4448 redit
626 4383 786 4451 Narareth
809 4387 923 4472 angelo
945 4389 1125 4452 mandente.
