3034 4922
669 316 733 384 263

206 511 261 551 raes
286 490 354 558 Hoc
375 494 424 556 est
444 491 502 557 illa
524 512 620 576 quam
642 514 697 558 rex
720 491 779 558 celi
802 491 881 558 mibi
904 491 1064 578 copulavit

286 595 324 663 In
345 619 493 683 sponsam
515 598 602 664 etin
624 598 801 686 coniugem,
824 603 856 666 et
878 597 958 664 illud
979 599 1157 686 imperavit,

284 701 332 770 Ut
352 724 412 788 ego
434 724 651 768 conservarem
674 703 756 769 hanc
778 704 1071 788 incontaminatam,

285 805 329 871 Et
349 805 504 873 intactam
526 811 622 893 atque
643 809 795 882 mundum
817 830 939 880 necnon
961 808 1127 876 illibatam

283 909 332 976 Tu
355 933 429 977 vero
452 912 633 980 beatissima
655 915 716 980 scis
738 914 840 1000 virgo,
864 915 948 1000 quod
970 919 1019 982 est
1040 915 1097 998 ita,

205 1033 257 1073 πω
284 1014 368 1082 Nam
389 1039 410 1082 a
432 1039 482 1084 mc
504 1022 571 1084 tam
593 1021 699 1086 tenere
722 1018 813 1086 fuisti
835 1019 1003 1100 custodita,

284 1119 373 1198 Quod
395 1126 431 1188 tu
453 1145 617 1210 nunquam
638 1125 817 1190 indecenter
839 1147 859 1190 a
881 1147 931 1190 me
953 1125 1147 1214 tangebaris,

282 1223 348 1294 Nec
370 1249 390 1292 a
412 1228 480 1294 viro
503 1229 646 1314 quolibet
667 1251 808 1314 unquam
829 1228 1020 1296 turbabaris.

281 1331 352 1420 ugo
373 1335 560 1400 secretarius
582 1335 807 1400 incarnationis

282 1436 401 1504 Christi
422 1437 472 1506 fui
493 1443 548 1506 tue
570 1461 695 1526 quoque
716 1435 989 1526 impregnationis‚

207 1559 258 1598 ⁷⁸⁷⁰
282 1541 389 1628 Atque
410 1565 535 1610 sacrum
557 1547 685 1629 partum
706 1548 797 1610 tuum
820 1543 905 1610 solus
927 1544 1146 1625 observabam,

281 1647 324 1714 Et
346 1648 396 1714 dei
418 1649 618 1716 nativitatem
640 1650 762 1736 primus
784 1649 964 1716 adorabam.

283 1752 319 1818 ln
341 1753 507 1841 Egyptum
530 1777 602 1822 cum
623 1755 746 1822 infante
767 1759 800 1820 te
821 1755 907 1820 solus
929 1775 989 1839 ego
1013 1752 1097 1835 duxi,

280 1859 324 1924 Et
345 1859 379 1924 in
401 1859 536 1926 Judeam
557 1861 673 1928 iterum
695 1860 836 1946 piissime
859 1859 978 1926 reduxi.

281 1961 383 2030 Annis
406 1985 465 2052 ego
487 1971 519 2032 te
541 1966 677 2052 triginta
698 1987 770 2032 cum
792 1987 889 2050 puero
912 1964 1032 2030 nubivi

207 2085 256 2124 esu
281 2067 324 2133 Et
345 2070 404 2136 tibi
427 2070 627 2138 devotissime
649 2071 830 2138 dulcissima
851 2069 976 2136 servivi.
1093 2058 1096 2065 ¹

279 2172 578 2242 Nam‘cohabitatio
601 2180 657 2242 tua
678 2175 759 2242 mibi
780 2176 888 2264 gravis

278 2275 450 2364 Nunquam
472 2280 544 2361 fuit
566 2281 619 2348 sed
642 2285 699 2346 tua
719 2281 851 2346 societas
873 2279 978 2346 suavis

278 2382 358 2450 Erat
378 2385 484 2466 nimis,
508 2390 603 2472 atque
625 2390 717 2452 tuum
739 2384 933 2470 colloquium
955 2383 1134 2464 iocundum,

278 2487 321 2553 Et
343 2488 467 2554 vultum
489 2493 580 2556 tuum
602 2490 764 2568 inclitum,
787 2488 960 2554 formosum
983 2493 1079 2574 atque
1101 2489 1263 2554 mundum.

205 2607 254 2648 reso
278 2589 393 2660 Videre
416 2615 538 2678 semper
560 2594 658 2660 oculis
681 2594 760 2659 meis
783 2593 970 2659 affectabam

278 2697 322 2764 Et
343 2703 432 2766 tuam
454 2699 645 2784 presentiam
667 2699 786 2786 iugiter
808 2697 968 2784 optabam.

277 2801 359 2869 Nam
383 2804 597 2870 desiderabilis
620 2809 652 2870 et
673 2804 753 2870 facie
775 2801 915 2869 formosa
1035 2798 1040 2808 '

277 2907 356 2979 aras
378 2913 411 2976 et
433 2909 578 2976 amabilis
601 2913 633 2976 et
655 2909 746 2979 vultu
768 2909 926 2997 speciosa3
1033 2895 1036 2901 ¹

276 3013 517 3102 Compositaque
539 3015 680 3082 moribus
702 3037 771 3085 eras
793 3018 826 3082 et
847 3017 1022 3094 mansueta,

204 3133 252 3172 mr
277 3117 404 3188 Patiens
427 3123 459 3188 et
481 3119 620 3200 humilis,
644 3119 731 3186 mitis
754 3123 787 3186 et
804 3119 926 3212 quieta,

275 3223 454 3304 Placebilis¹
478 3225 665 3306 tractabilis,
687 3225 787 3292 duleis
810 3227 842 3290 et
863 3223 1002 3310 benigna
1077 3263 1080 3270 .

275 3327 355 3396 Erus
377 3334 409 3396 et
431 3329 579 3410 affabilis,
603 3334 634 3396 et
656 3330 743 3396 omni
765 3329 857 3396 laude
880 3329 986 3417 digna.

275 3431 390 3500 Omnes
412 3435 477 3502 tuis
499 3433 620 3511 meritis
643 3433 753 3519 utique
775 3433 888 3498 salvati

273 3536 388 3606 Sumus
410 3545 443 3606 et
465 3539 636 3605 virtutibus
659 3539 724 3604 suis
746 3539 882 3604 liberati.

201 3657 249 3697 ’Μ
274 3643 317 3709 Et
338 3644 430 3710 deum
453 3645 485 3710 in
509 3643 689 3710 substantia
711 3667 767 3730 per
789 3649 821 3711 te
842 3666 900 3710 nos
922 3645 1062 3710 humana

274 3747 446 3816 Acestem
469 3749 647 3821 divinitatis
667 3750 874 3838 cognovimus
897 3771 1021 3816 arcana.

273 3853 370 3941 Ergo,
393 3859 495 3920 mater
515 3857 628 3942 gratie,
652 3879 723 3922 eum
745 3857 862 3944 gaudio
885 3857 1016 3942 procede

273 3957 323 4024 Ad
346 3963 438 4025 tuum
459 3958 579 4040 desum,
602 3961 694 4028 utin
717 3984 775 4031 sue
797 3963 957 4030 colloceris
980 3963 1062 4042 sede,

273 4061 333 4129 Per
354 4069 442 4132 tuem
466 4070 502 4132 ut
523 4068 715 4152 presentiam
737 4071 879 4134 nostram
903 4071 1066 4154 augeatur,

201 4183 248 4225 Μ
273 4167 430 4242 Gaudium
451 4177 483 4240 ct
505 4172 659 4267 premium
683 4176 827 4244 nostrum
848 4174 1072 4272 compleatur«
