3060 4936
682 400 742 466 195

131 553 203 639 dam
222 574 282 639 sub
296 574 390 640 undis
405 574 564 660 capitibus
580 575 703 642 assidue
718 581 882 662 pascentes
898 577 1017 642 ferend
1034 578 1283 643 submersionem

130 683 163 745 et
177 681 417 746 suffocationem
440 702 540 765 usque
555 681 726 746 detineant.
773 682 823 746 Ex
846 683 930 747 arvis
952 687 1058 748 antem
1085 687 1119 748 ut
1134 683 1282 761 evaserit,

131 809 258 852 cursum
280 807 355 850 mox
377 786 511 851 resumit
533 788 565 850 et
587 786 687 870 quaesi
709 787 802 852 laetus
826 785 955 853 Ulmam
978 787 1122 853 faucibus
1146 787 1209 852 sibi
1223 787 1284 853 soli

132 895 165 956 at
187 912 310 975 semper
332 890 450 974 apertis
466 890 655 976 ingreditur,
679 893 815 958 multam
829 893 879 958 illi
900 892 1024 958 civitati
1047 893 1181 958 afferens
1196 914 1282 957 com-

131 997 327 1062 moditatem.
371 995 551 1081 Expeditne
581 1018 655 1062 vero
682 997 716 1062 in
747 996 844 1064 Ulma
873 999 942 1064 sina
969 1021 1059 1063 mora
1090 1020 1146 1083 per
1177 997 1283 1063 fauces

132 1123 295 1167 murorum
310 1104 458 1188 erumpit,
481 1125 619 1188 moxque
634 1104 668 1168 in
691 1127 816 1170 sacrum
832 1103 1017 1170 Danubium
1033 1104 1179 1170 exultans
1197 1103 1283 1182 salit,

132 1229 151 1271 a
166 1229 229 1292 quo
252 1207 321 1274 sine
336 1209 585 1275 contradictione
600 1214 764 1294 susceptus
787 1213 819 1275 et
834 1208 946 1276 Jasoni
961 1209 1083 1274 dicatus
1098 1209 1132 1273 in
1148 1213 1282 1294 pontum

132 1311 296 1377 Euxinum
312 1317 344 1379 et
358 1336 446 1378 mare
461 1313 610 1380 defertur.
635 1315 742 1400 ibique
753 1314 923 1401 peregrina
938 1315 1117 1379 conditione
1139 1319 1285 1399 suscepta

132 1417 303 1503 impatiens
325 1419 547 1484 amaritudinis
570 1419 691 1486 occulte
713 1443 810 1485 venas
832 1419 1013 1506 ingreditur
1035 1423 1143 1498 terrae,
1174 1424 1206 1484 et
1228 1441 1285 1504 per

132 1523 372 1611 investigabiles
395 1525 462 1590 vias
483 1527 609 1606 vadens,
627 1526 803 1592 artissimas
815 1529 961 1610 penetrat
974 1530 1067 1590 terrae
1080 1529 1112 1590 et
1121 1529 1284 1610 petrarum

133 1628 296 1708 scissuras,
319 1630 367 1695 ita
388 1635 426 1696 ut
448 1629 563 1715 pellem
586 1655 735 1713 amaram,
759 1655 823 1716 qna
845 1633 878 1696 in
899 1637 998 1716 ponto
1021 1631 1154 1695 vestitus
1170 1629 1283 1710 fuerat,

133 1732 265 1813 sabulo,
289 1721 399 1819 petris,
422 1741 454 1802 et
476 1740 569 1802 terne
591 1737 762 1804 haerentem
786 1739 993 1823 derelinquat.
1027 1737 1133 1821 sicque
1156 1736 1285 1801 tandem

133 1839 167 1902 in
190 1839 305 1918 locum,
328 1839 411 1905 unde
436 1847 647 1920 emanaverat,
671 1842 865 1928 perveniens,
888 1841 998 1921 dulcis,
1021 1841 1124 1907 clarus
1147 1845 1180 1906 et
1194 1845 1286 1925 pota·

133 1942 208 2008 bilis
240 1945 356 2010 iterum
390 1947 428 2012 de
451 1951 537 2012 terra
559 1947 714 2032 erumpit,
747 1953 784 2012 ut
813 1947 931 2012 iterum
955 1947 1052 2027 fluat,
1083 1947 1174 2012 iuxta
1206 1946 1285 2010 illud

132 2049 334 2116 Ecclesiastae
359 2053 394 2117 1:
427 2053 466 2117 ad
490 2053 594 2117 locum
622 2053 706 2118 unde
729 2057 845 2118 exeunt
867 2052 1000 2118 flumina
1022 2056 1225 2117 revertuntur
1247 2055 1284 2115 ut

132 2155 249 2220 iterum
273 2155 384 2222 fluant.
430 2156 465 2222 Si
487 2180 557 2243 quae
591 2181 682 2242 aquae
714 2181 787 2224 vero
819 2181 875 2243 per
897 2162 988 2223 terrae
1011 2158 1130 2222 viscera
1152 2157 1191 2222 ad
1214 2157 1283 2221 loca

131 2283 191 2326 sna
213 2261 355 2326 damari
378 2264 494 2329 reverti
524 2286 588 2328 uon
612 2264 792 2348 potuerint,
824 2285 898 2328 mox
928 2262 1045 2328 haustu
1074 2261 1213 2326 siderum
1242 2262 1281 2326 de

131 2366 213 2430 mari
225 2365 384 2432 tolluntur
399 2372 432 2432 et
446 2368 481 2433 in
491 2370 629 2434 nubibus
646 2369 684 2434 ad
697 2391 761 2434 suae
777 2368 915 2454 regionis
927 2368 996 2433 loca
1006 2366 1279 2443 transmittuntur,

130 2471 240 2556 ibique
256 2475 349 2538 terres
371 2473 578 2538 fecundandae
593 2473 807 2538 infunduntur
830 2472 961 2538 diversis
984 2471 1018 2536 in
1034 2470 1207 2555 speciebus,
1231 2469 1281 2534 vel

129 2575 229 2654 roris,
259 2581 316 2642 aut
337 2575 473 2661 pluviae,
506 2577 648 2662 pruinae,
671 2576 775 2656 nivis,
808 2575 984 2663 grandinis.
1018 2576 1101 2640 unde
1124 2579 1281 2640 enatura

129 2685 251 2764 parata
273 2685 349 2746 sunt
364 2682 510 2767 quadarn
532 2682 632 2747 foveae
654 2681 688 2745 in
705 2687 801 2759 terra,
825 2681 864 2745 ad
887 2703 966 2766 quas
982 2679 1176 2746 confluentes
1192 2701 1281 2764 aquus

130 2791 300 2852 recurrunt
328 2787 415 2853 etin
438 2788 539 2853 foveis
572 2809 629 2873 per
652 2810 747 2852 venas
770 2787 967 2852 transflunnt
988 2786 1022 2850 in
1045 2786 1167 2864 locum,
1199 2783 1281 2848 unde

130 2890 262 2957 effluere
292 2890 422 2959 habent.
468 2892 539 2958 Hoc
571 2893 736 2978 signanter
767 2897 899 2957 notatur
930 2892 963 2956 in
994 2891 1120 2974 alpibus
1151 2875 1279 2968 Sueviae,

129 2999 185 3062 nbi
210 2997 360 3063 videntur
388 2999 498 3064 multae
520 2998 622 3063 foveae
657 2998 747 3082 quasi
770 2997 880 3062 calices
911 2996 1068 3061 infundo
1099 2993 1279 3079 perforata,

130 3103 171 3167 ad
195 3125 273 3188 quas
296 3103 452 3188 pluviales
475 3109 508 3169 et
529 3103 650 3168 nivales
673 3125 764 3188 aquae
787 3103 957 3168 transfusae
986 3103 1214 3185 demerguntur
1246 3099 1280 3163 in

131 3215 249 3296 stagna
264 3210 480 3289 subterranea,
504 3211 542 3274 dc
558 3209 673 3294 quibus
689 3209 804 3274 iterum
821 3207 989 3272 ebulliunt.
1018 3204 1138 3271 Idcirco
1155 3204 1281 3290 quando

128 3315 164 3378 in
187 3315 312 3399 alpibus
335 3315 456 3380 Sneviae
478 3319 553 3378 sunt
575 3315 683 3378 multae
708 3314 822 3399 pluviae
845 3313 895 3378 vel
918 3313 1125 3377 resolutiones
1148 3310 1280 3388 nivium,

130 3419 264 3485 Blauins
279 3421 351 3486 sons
367 3421 470 3486 etalii
486 3421 590 3485 fontes
600 3421 778 3486 redundant
793 3419 896 3503 magis
912 3419 1002 3502 aquis
1019 3419 1051 3480 ct
1068 3415 1281 3480 abundantius

130 3547 184 3590 eas
207 3525 356 3591 fundunt.
402 3527 452 3590 Ex
483 3527 599 3611 quibus
630 3529 719 3610 patet
743 3524 891 3589 Blauium
925 3546 945 3589 a
975 3523 1048 3609 polo
1078 3525 1151 3586 eta
1184 3523 1281 3604 ponto

84 3687 88 3706 ,
130 3631 249 3696 habere
272 3653 379 3717 aquas,
404 3655 482 3716 quas
506 3632 630 3716 antiqui
652 3631 853 3696 crediderunt
875 3629 1050 3694 ministerio
1073 3631 1106 3691 et
1128 3625 1379 3716 regiminegffi·

129 3735 355 3823 Nympharum
378 3743 409 3802 et
431 3735 596 3802 Musarum
629 3735 688 3802 snb
712 3735 802 3820 aquis
825 3758 930 3800 moras
953 3733 1137 3799 habentium
1171 3729 1283 3795 deduci

130 3843 164 3906 in
188 3845 317 3907 terram.
364 3839 457 3907 Unde
479 3841 640 3927 contingit
661 3842 695 3905 in
719 3841 824 3905 sonitu
848 3838 1025 3925 aquarum¹
1050 3841 1282 3921 superterram

131 3953 164 4012 ct
186 3947 246 4012 sub
270 3951 356 4012 terra
378 3948 480 4012 audiri
504 3968 632 4012 suavem
656 3945 823 4011 melodiam
846 3967 918 4009 cum
940 3943 1108 4008 harmonia
1139 3942 1282 4006 omnium

130 4053 307 4117 carminum
331 4057 363 4118 et
377 4052 661 4118 instrumentorum
678 4053 868 4117 musicorum
893 4071 962 4134 quae
976 4048 1106 4113 audiens
1129 4051 1282 4130 conceptu

131 4155 209 4222 forti
232 4157 342 4222 audire
364 4158 469 4243 cupit,
501 4158 583 4223 sicut
606 4179 665 4243 ego
688 4157 755 4242 ipse
777 4177 860 4241 saepe
883 4157 1030 4239 expertus
1052 4176 1120 4217 sum
1145 4156 1176 4217 et
1199 4173 1281 4236 prae·

131 4263 223 4348 cipue
244 4262 279 4328 in
301 4261 434 4328 thermis
458 4262 591 4328 Pfeffers
614 4259 636 4341 ¹,
669 4260 724 4326 ubi
753 4283 792 4326 ex
820 4261 1004 4345 importuno
1027 4279 1183 4343 aquarum
1206 4277 1282 4320 con·

201 4417 216 4474 1
236 4417 344 4474 Cantus
362 4436 499 4490 aquarum
518 4417 592 4474 Mon.
615 4419 639 4474 1.
658 4435 704 4472 arn
722 4417 818 4474 rande.
885 4419 901 4472 2
919 4415 1058 4488 precipue
1077 4416 1173 4470 autem
1190 4411 1280 4470 Schm.

130 4507 218 4564 Wibl.
255 4505 360 4562 Plsiers
379 4507 440 4563 Sch.
459 4506 502 4562 lil.
521 4507 594 4564 Mon.
615 4507 638 4563 1.
656 4505 736 4562 Gold.
756 4507 796 4561 nt.
