3080 4938
722 365 761 430 41

165 538 336 624 principali
368 539 553 604 occidentali
585 539 675 602 iuxta
705 561 930 623 campanarum
962 541 1068 618 funes,
1105 543 1188 626 quod
1221 542 1319 608 habet
1330 543 1414 622 13⁰2&

164 668 280 711 novam
303 644 516 730 sculpturam,
549 649 653 710 cetera
683 647 790 710 omnia
819 650 895 710 sunt
923 647 961 712 de
990 645 1123 731 antiqua
1155 648 1316 732 parochia.

164 749 203 815 In
226 750 371 815 interiori
394 770 469 814 vero
492 751 685 830 coemiterio,
710 751 785 815 dum
807 749 951 830 fodiunt,
986 750 1153 815 inveniunt
1184 753 1317 818 aedificie

165 855 373 920 subterranea
396 859 428 920 et
451 855 625 920 testudines
648 877 764 920 vacuas
787 859 819 920 et
842 856 924 935 alia,
948 877 1081 940 quorum
1106 877 1201 922 causa
1223 858 1316 943 igno-

167 965 266 1028 ratur.
291 960 329 1025 de
351 959 468 1045 quibua
489 959 633 1025 homines
655 961 765 1026 mirari
787 962 906 1042 solent,
934 965 966 1026 et
994 962 1209 1028 cinerarium¹
1230 964 1317 1028 illiue

165 1064 332 1132 coemiterii
355 1064 431 1130 olim
455 1065 519 1130 fuit
541 1066 705 1130 cellarium
728 1067 955 1132 monachorum
979 1065 1087 1132 Sancti
1104 1066 1234 1154 Georgii
1256 1069 1339 1133 eub'

164 1170 286 1254 capella
308 1170 407 1236 sancti
433 1169 608 1235 Valentini.

251 1275 382 1341 Nonum
404 1273 567 1360 singulare
589 1273 676 1339 illius
700 1275 858 1358 parochiae
886 1280 934 1340 eat
958 1297 1093 1362 magnus
1123 1277 1253 1342 affectus
1284 1281 1316 1342 et

163 1378 291 1445 dilectio
313 1379 579 1464 parochianorum
604 1381 643 1446 ad
666 1403 745 1446 eam.
794 1381 895 1446 Valde
923 1383 1008 1448 enim
1041 1388 1108 1448 tam
1132 1383 1314 1448 consulatus
1370 1408 1371 1411 ¹

163 1506 260 1568 quam
282 1485 493 1550 communitas
515 1485 564 1550 illi
587 1485 772 1552 afficiuntur
795 1488 932 1552 ccclesiae
954 1489 1037 1554 sicut
1058 1511 1124 1554 suae
1146 1489 1259 1569 matri,
1284 1493 1315 1553 at

163 1592 231 1654 tam
254 1589 396 1656 viventes
419 1593 515 1675 duam
538 1591 708 1658 morientes
733 1615 802 1658 eam
825 1593 984 1659 beneficiis
1015 1594 1175 1659 honorant
1207 1599 1239 1659 et
1262 1595 1313 1658 de·

165 1697 286 1772 corant,
301 1699 473 1780 perpetuas
488 1695 650 1781 lampades
667 1698 843 1762 ordinando
858 1702 890 1763 et
906 1700 1122 1765 anniversaria
1137 1700 1314 1765 statuendo.
1404 1709 1408 1718 '

164 1821 237 1863 nem
263 1821 371 1865 omnes
394 1799 555 1886 lampades
578 1802 720 1886 antiquae
742 1802 897 1881 ecclesiae,
926 1825 997 1888 quae
1021 1803 1111 1869 valde
1133 1804 1243 1869 multae
1266 1804 1315 1867 di·

163 1907 279 1969 cuntur
301 1905 418 1985 fuisse,
441 1907 473 1971 in
506 1908 717 1972 translatione
741 1908 807 1972 eius
830 1908 994 1992 abrogata
1017 1907 1146 1973 fuerunt
1178 1913 1210 1973 et
1240 1931 1315 1992 pro·

165 2015 278 2075 ventus
301 2033 339 2076 ex
362 2012 406 2076 eis
428 2011 462 2076 in
486 2015 678 2076 structuram
694 2012 782 2077 illius
798 2017 969 2090 cesserunt,
993 2013 1037 2078 sic
1053 2017 1085 2078 et
1100 2013 1316 2077 anniversaria

164 2117 273 2178 vetera
288 2119 379 2180 extra
394 2117 569 2181 eonst'tuta
581 2117 711 2182 dimissa
720 2116 854 2182 fuerunt
868 2118 901 2182 in
915 2118 1052 2184 ecclesiae
1061 2141 1151 2183 novae
1162 2118 1313 2183 favorem.

251 2217 417 2286 Decimum
440 2227 472 2287 et
493 2222 643 2288 ultimum
667 2227 733 2303 est,
767 2224 850 2307 quod
878 2223 1031 2308 plebanus
1059 2225 1145 2290 illius
1176 2223 1314 2290 ecclesiae

163 2324 290 2410 magnis
313 2325 490 2412 privilegiis
519 2328 637 2412 gaudet
667 2328 702 2393 in
726 2329 861 2394 ecclaiae
888 2329 1032 2395 favorem
1063 2334 1095 2394 et
1126 2352 1217 2394 snam
1251 2351 1313 2394 non

163 2430 320 2495 modicam
344 2431 528 2511 utilitatem,
551 2454 624 2496 nam
648 2433 818 2498 interdicto
841 2455 860 2498 a
883 2434 950 2498 iure
980 2435 1045 2498 lato
1068 2438 1100 2498 et
1123 2434 1226 2518 posito
1249 2455 1314 2498 non

161 2536 323 2614 subiacet,
360 2560 455 2622 quam
488 2537 552 2602 cito
586 2537 718 2603 nuntius
749 2538 789 2602 ad
824 2539 1004 2624 episcopum
1039 2538 1314 2604 constantiensem

161 2641 277 2706 missus
301 2646 391 2707 extra
413 2643 574 2708 civitatem
599 2643 734 2721 venerit3
764 2649 801 2707 ut
830 2648 909 2728 puta
930 2643 956 2708 si
980 2645 1125 2709 sacerdos
1149 2665 1313 2727 percussus

162 2749 220 2810 aut
241 2747 361 2812 occisus
385 2747 492 2826 fuerit,
516 2770 607 2828 mox,
630 2751 667 2812 ut
689 2748 760 2812 iura
783 2747 974 2832 disponunt,
998 2749 1155 2814 edivinia
1178 2751 1408 2842 οθεεειηὲ,ΠῇκζῑᾱὼΙ
1442 2806 1454 2846 3
1525 2830 1530 2839 Ι

161 2852 216 2916 sed
233 2853 346 2918 nuntio
362 2873 488 2938 egresso
503 2857 615 2918 contra
630 2852 849 2918 Constantiam
861 2857 1064 2918 reassumunt
1075 2853 1183 2918 divina
1195 2853 1310 2918 officia.

161 2957 243 3023 Item
267 2958 294 3023 si
316 2959 525 3025 coemiterium
549 2959 599 3024 vel
622 2959 752 3024 ecclesia
774 2957 945 3043 profanata
966 2958 1074 3038 fuerit,
1099 2959 1221 3024 occulte
1242 2981 1313 3023 eam

161 3067 268 3147 potest
290 3062 444 3147 plebanus
466 3087 522 3150 per
546 3065 705 3150 quandam
728 3085 843 3148 aquam
868 3063 1078 3128 reconciliare.
1122 3065 1206 3148 quod
1230 3067 1313 3127 certe

160 3169 373 3234 necessarium
395 3173 453 3249 est,
477 3169 552 3255 quia
574 3169 746 3234 multitudo
767 3169 878 3254 populi
901 3167 1034 3232 confusa
1066 3172 1114 3232 est
1135 3189 1192 3251 per
1214 3168 1312 3246 varia,

162 3275 195 3338 et
217 3277 282 3338 stat
305 3275 435 3340 ecclesie
456 3279 525 3340 toto
548 3275 598 3340 die
614 3279 734 3359 aperta,
758 3295 815 3358 per
831 3295 926 3358 quam
950 3273 1171 3337 omnishomo
1195 3273 1313 3337 transi·

161 3383 230 3443 tum
252 3377 338 3444 facit.
374 3385 422 3445 est
445 3403 570 3466 quoque
592 3381 625 3444 in
649 3403 686 3445 ea
708 3379 865 3445 tumultus
889 3378 1011 3457 varius,
1045 3377 1183 3442 maxime
1204 3381 1313 3441 temen

162 3483 239 3548 cleri
262 3485 374 3564 otiosi,
398 3486 453 3570 qui
475 3486 520 3551 ibi
544 3487 783 3551 conventionem
807 3489 839 3548 et
861 3481 1104 3548 collocutionem
1132 3481 1230 3546 habet
1261 3503 1311 3546 se-

161 3590 301 3654 cundum
324 3591 408 3675 quod
430 3591 463 3654 in
487 3614 521 3657 oa
545 3591 686 3670 venerit,
717 3613 773 3676 per
806 3589 889 3674 quod
923 3586 1060 3652 multum
1093 3585 1197 3670 gloria
1224 3585 1312 3650 illius

161 3695 300 3760 eeclesiae
322 3695 549 3762 dehonestetur
572 3703 604 3762 et
627 3697 762 3781 populus
786 3693 877 3760 valde
907 3692 1148 3758 scandalizatur.
1195 3689 1256 3758 Sed
1280 3695 1312 3757 et

161 3799 372 3866 coemiterium
394 3801 541 3866 noctibus
564 3824 626 3866 non
650 3801 818 3878 clauditur,
842 3803 872 3864 et
896 3799 992 3862 timor
1014 3801 1071 3874 est,
1094 3797 1160 3862 imo
1183 3797 1311 3861 indubi-

160 3909 231 3970 tata
253 3905 447 3990 experientia
470 3905 576 3985 habet,
601 3907 684 3991 quod
700 3905 802 3970 multa
819 3904 1061 3969 committantur
1082 3902 1223 3968 enormia
1239 3923 1312 3987 per·

161 4033 264 4096 saepe,
288 4011 403 4096 quibus
436 4011 523 4076 locus
553 4035 640 4076 sacer
669 4015 849 4077 exsecratus
879 4013 912 4074 et
942 4007 1130 4094 profanatus
1159 4007 1310 4072 redditur.

161 4115 236 4183 ldeo
259 4139 385 4183 necesso
407 4121 474 4196 est,
509 4117 680 4202 plebanum
712 4117 892 4202 aliquorum
909 4117 1053 4182 ¹actuum
1085 4113 1312 4199 episcopalium

728 4260 745 4300 *

234 4363 246 4414 l
270 4359 428 4415 carnarium
459 4359 532 4416 Mon.
561 4363 582 4415 l.
624 4360 791 4416 cinctorium
816 4357 876 4413 Sch.
902 4357 946 4413 Kl.
990 4358 1131 4412 cruarium
1157 4355 1257 4418 Wibl,
1282 4371 1312 4411 so

160 4447 268 4506 konnte
287 4465 353 4502 men
373 4447 443 4503 auch
463 4447 552 4504 Schm.
572 4447 662 4514 lesen3
682 4465 710 4503 es
728 4445 809 4504 heillt
828 4445 896 4503 aber
916 4445 988 4502 wohl
1007 4445 1079 4500 auch
1098 4443 1274 4499 cinerarium.
