3072 4936
799 381 861 448 116

252 563 402 628 continuo
419 565 451 628 et
472 559 569 647 longo
586 559 738 644 temporis
761 581 905 626 successu
927 557 961 622 in
977 557 1171 626 oblivionem
1194 559 1283 626 venit
1306 563 1408 640 ortus,
1518 559 1520 646 ζ

254 667 393 733 11111111
416 671 448 732 11
471 667 624 731 adventus
641 663 883 749 Greggensium,
906 664 953 728 ita
977 669 1023 744 ut,
1048 665 1110 729 nisi
1129 665 1239 750 paucis
1262 667 1408 752 antiquis

251 771 339 836 illius
363 771 495 836 familiae
510 770 729 847 innotesceret,
754 768 885 833 obscure
899 769 982 834 uude
1004 775 1119 834 essent.
1166 769 1266 835 Porro
1282 773 1407 856 superi·
1519 803 1520 832 ι

252 878 360 941 oribus
383 876 475 940 annis
498 875 620 939 nobiles
643 875 681 938 de
704 873 915 954 Kochadorff,
939 876 1146 960 perscrutatis
1169 899 1244 941 casu
1267 875 1409 944 archivis

253 979 477 1046 secretioribus
507 977 557 1042 sui
579 978 692 1057 castri,
725 977 915 1043 invenerunt
945 979 1177 1045 vetustissimas
1207 981 1334 1048 litteras
1358 985 1408 1048 sui

252 1085 397 1170 originis,
421 1088 453 1150 et
475 1083 632 1168 quomodo
656 1083 734 1148 dicti
756 1085 821 1148 sint
843 1081 964 1169 Greggi
986 1085 1025 1150 de
1046 1085 1252 1167 Kochadorff,
1277 1093 1408 1174 etqua·
1520 1103 1521 1110 ’

252 1190 326 1256 liter
357 1189 435 1255 olim
467 1189 560 1254 divisi
595 1211 754 1274 unapars
778 1187 907 1254 Ulmum
930 1191 1107 1272 devenerit,
1140 1191 1250 1277 ibique
1280 1197 1408 1259 mutata

254 1295 435 1362 conditione
450 1294 552 1360 solum
574 1293 633 1358 sub
656 1294 784 1358 nomine
800 1291 1032 1380 Greggensium
1053 1293 1139 1361 inter
1161 1295 1247 1362 cives
1269 1297 1407 1385 degerit.

253 1401 332 1466 Post
353 1400 570 1466 inventionem
591 1398 693 1486 igitur
714 1397 843 1463 illarum
865 1399 1047 1464 litterarum
1069 1401 1200 1486 quidam
1222 1403 1261 1468 de
1277 1401 1409 1469 Kocha-

253 1506 338 1572 dorff
351 1503 481 1572 Ulmsm
504 1509 659 1569 venerunt
681 1507 856 1589 quaerentes
872 1503 1027 1590 Greggos,
1050 1507 1166 1592 quibus
1188 1507 1330 1574 inventis
1353 1531 1409 1575 eos

253 1613 370 1678 amicos
385 1633 459 1676 suos
481 1615 513 1675 et
529 1609 780 1695 consanguineos
797 1611 1008 1695 appellarunt,
1031 1610 1215 1677 testimonia
1234 1617 1408 1681 ostenden·

251 1723 309 1798 tes,
333 1739 403 1802 quae
420 1737 483 1780 nou
506 1715 609 1780 solum
631 1714 693 1799 ipsi
710 1715 831 1800 Greggi
854 1715 909 1779 sed
924 1715 1065 1780 illustres
1081 1717 1212 1782 comites
1236 1718 1274 1784 de
1290 1717 1408 1785 Helia·
1520 1769 1521 1786 2

254 1823 335 1888 stein
360 1827 392 1887 et
414 1821 452 1886 de
468 1819 658 1906 Kyrchberg
680 1821 837 1901 viderunt,
861 1825 893 1885 et
916 1819 1164 1886 instrumentum
1187 1823 1408 1892 testimoniale
1520 1811 1522 1930 ζ

251 1951 323 1994 cum
347 1927 495 2013 appensis
518 1925 634 2011 sigillis
657 1925 770 1990 confici
793 1926 925 2010 desuper
943 1925 1097 2006 fecerunt,
1122 1927 1207 2012 quod
1229 1949 1408 2014 generosus
1520 1931 1522 2004 j

250 2040 340 2118 pater
362 2038 395 2099 et
409 2031 553 2098 dominus
576 2030 721 2096 dominus
745 2029 909 2096 Johannes
932 2031 970 2096 de
993 2031 1215 2120 Werdenberg
1236 2036 1408 2121 episcopus

1520 2008 1523 2116 1

251 2138 464 2224 Augustensis
486 2134 665 2214 vidimavit,
690 2134 934 2218 procurantibus
957 2134 1008 2200 his
1030 2137 1179 2202 omnibus
1207 2137 1406 2228 Greggensi-
1522 2133 1523 2170 ³

249 2243 310 2309 bus
333 2244 371 2309 de
392 2240 509 2322 Ulma,
541 2240 616 2325 quia
647 2262 686 2305 ex
708 2261 771 2325 quo
794 2261 858 2304 non
881 2245 973 2305 erant
1005 2241 1043 2308 de
1066 2265 1198 2309 numero
1222 2246 1406 2328 tertiorum,

251 2351 305 2416 sed
334 2348 507 2426 zunftales,
543 2346 744 2410 aestimabant
777 2345 871 2410 multi
904 2368 956 2411 eos
987 2367 1054 2413 esse
1082 2349 1188 2414 minus
1217 2351 1343 2418 nobiles
1373 2359 1408 2418 et

251 2451 444 2521 obscurioris
460 2449 683 2538 generationis.
730 2449 833 2526 Quare
849 2455 955 2516 autem
979 2451 1054 2518 dicti
1071 2451 1195 2520 nobiles
1218 2456 1257 2520 de
1272 2455 1407 2524 Kocha-

250 2559 335 2625 dorff
364 2558 568 2624 nominentur
599 2555 719 2640 Greggi
750 2559 783 2620 11
812 2557 970 2640 quomodo
999 2559 1101 2623 nostri
1124 2559 1248 2646 Greggi
1271 2561 1406 2628 Ulmam
1523 2621 1524 2662 ζ

138 2671 143 2687 “
251 2669 415 2744 venerunt,
440 2661 579 2728 breviter
596 2660 765 2725 videamus.
812 2661 969 2748 Greggus,
993 2662 1054 2728 hoc
1069 2687 1184 2730 nomen
1208 2688 1264 2750 per
1288 2690 1321 2732 se
1345 2691 1405 2752 po-

251 2769 349 2836 situm
364 2791 428 2833 non
451 2771 500 2833 est
515 2765 710 2832 teutonicum
733 2789 790 2831 nec
806 2767 941 2832 latinum
965 2772 998 2833 et
1012 2770 1104 2835 credo
1127 2771 1160 2835 in
1176 2771 1266 2836 nulla
1288 2773 1405 2860 lingna

252 2875 405 2940 usitatum
429 2873 468 2938 ad
484 2873 737 2958 significandum,
761 2871 823 2936 nisi
845 2873 879 2938 in
902 2878 1012 2938 nostra
1034 2879 1082 2940 est
1104 2897 1219 2942 nomen
1236 2879 1404 2962 proprium

252 2981 473 3067 praedictorum
489 2978 659 3056 nobilium
682 2979 747 3042 iam
769 2979 844 3043 olim
862 2983 968 3044 autem
989 2979 1024 3044 in
1039 2979 1206 3066 principio,
1229 2987 1404 3068 antequam

251 3087 394 3170 vulgaris
417 3085 540 3151 ruditas
563 3106 676 3148 nomen
712 3089 890 3149 truncasset
919 3089 951 3150 11
973 3086 1183 3170 corrupisset,
1214 3087 1404 3153 dicebantur
1523 3121 1524 3160 1

250 3192 328 3257 (11111
343 3192 466 3257 nobiles
490 3190 610 3255 domini
626 3189 727 3255 Graeci
750 3191 788 3256 (11
803 3189 1009 3270 Kochadorff,
1032 3199 1064 3257 et
1087 3214 1151 3257 non
1169 3191 1301 3280 Greggi,
1325 3198 1403 3281 quia

250 3297 288 3363 de
311 3295 432 3363 (1111111
455 3319 527 3362 cum
550 3295 725 3362 Francione
753 3305 867 3382 nepote
892 3296 1009 3362 Priami
1040 3304 1113 3383 post
1136 3299 1240 3364 Troiae
1263 3299 1404 3366 eversio·

250 3427 323 3470 nem
338 3403 510 3469 creduntur
532 3402 636 3467 educti
659 3403 693 3466 in
708 3401 876 3468 Franciam
891 3403 1087 3484 orientalem,
1111 3425 1207 3489 quam
1222 3425 1282 3469 nos
1298 3403 1402 3470 Fran·

250 3511 372 3575 coniam
404 3509 544 3574 dicimus.
595 3508 706 3574 Omnis
739 3509 824 3580 enim
854 3509 991 3593 Europae
1024 3509 1176 3574 nobilitas
1206 3510 1245 3575 de
1277 3509 1402 3577 Graecia

249 3615 417 3680 emanarit.
449 3613 538 3680 Dicti
553 3636 629 3701 ergo
644 3615 765 3679 nobiles
781 3616 813 3678 in
831 3619 950 3679 sortem
964 3635 1030 3679 suae
1044 3613 1255 3680 habitationis
1271 3615 1400 3682 Kocha-

249 3719 333 3784 dorff
361 3719 467 3784 villam
493 3715 642 3804 Cogani¹
674 3717 814 3784 fluminis
846 3718 880 3782 in
905 3715 1082 3784 Franconia
1109 3721 1335 3804 possederunt,
1369 3725 1401 3787 et

249 3849 365 3890 nomen·
386 3849 451 3891 suae
473 3825 579 3913 gentis
602 3845 674 3890 cum
697 3825 824 3889 nomine
846 3823 1058 3890 habitationis
1080 3825 1292 3904 retinuerunt,
1315 3827 1399 3891 dice-

249 3932 429 4016 banturque
450 3931 571 3997 domini
595 3929 695 3997 Graeoi
719 3931 756 3995 de
779 3928 988 4009 Kochadorff,
1012 3952 1091 4015 quos
1113 3929 1229 4016 vulgus
1253 3929 1398 4018 Greggos

248 4037 286 4102 de
309 4036 507 4102 Kocbadorff
526 4037 690 4101 nominare
712 4037 823 4120 coepit,
847 4037 955 4122 sicque
978 4035 1040 4101 hoc
1062 4057 1177 4100 nomen
1202 4035 1321 4102 mansit
1345 4059 1398 4102 us·

248 4165 309 4227 que
341 4165 433 4208 nunc.
487 4141 590 4208 Multo
624 4147 731 4208 autem
761 4141 905 4208 revoluto
936 4147 1078 4226 tempore
1108 4140 1294 4206 militabant
1322 4141 1398 4208 dicti

250 4247 371 4335 Greggi
395 4247 454 4314 sub
477 4247 620 4332 palatino
641 4245 756 4313 Rheni.
780 4271 799 4311 a
822 4248 938 4332 quibus
961 4245 1061 4331 aliqui
1079 4245 1207 4312 Ulmam
1229 4246 1397 4313 devenien-

812 4391 831 4434 *

321 4479 332 4532 l
354 4475 460 4546 (lugani
475 4473 516 4530 111.
531 4473 591 4528 Sch.
608 4475 656 4530 1111.
686 4475 791 4544 Cogavi
806 4474 891 4530 Wibl.
911 4473 973 4542 (soll
988 4474 1039 4528 das
1053 4473 1131 4528 nicht
1143 4475 1244 4542 Cogari
1258 4474 1397 4545 1111111111)
