3072 4936
806 357 869 423 130

261 536 466 614 zunftalium,
497 535 573 619 quia
594 531 746 618 quaelibet
768 531 878 595 zunlta
900 531 1063 614 proprium
1091 529 1189 594 habet
1212 531 1411 614 magistrum.

262 641 369 705 Habet
398 644 504 704 antem
537 639 615 704 ordo
647 639 814 702 tertiorum
846 637 948 701 solum
983 637 1171 719 magistrum
1203 637 1323 700 civium
1355 637 1413 700 sibi

261 747 436 830 proprium,
461 745 539 809 alias
555 745 728 832 dignitates
746 765 855 806 omnes
878 747 911 806 et
926 743 1052 806 lucrosa
1075 763 1111 806 ac
1132 741 1294 806 laboriosa
1309 741 1414 806 officia

261 851 417 928 dividunt,
441 850 526 934 quod
550 849 649 934 aliqui
674 849 712 912 de
735 848 839 912 tertiis
872 853 903 912 et
926 847 1025 931 aliqui
1049 846 1087 911 de
1109 846 1227 910 nunftis
1258 847 1356 910 simul
1380 869 1414 910 ea

262 955 391 1018 habent.
438 953 491 1020 Sic
514 977 591 1039 ergo
615 955 647 1018 in
671 954 780 1017 ordine
803 953 968 1017 civilitatis
983 951 1144 1017 Ulmensis
1167 955 1243 1016 sunt
1267 951 1413 1036 magistri

261 1059 377 1123 civium
394 1063 469 1137 tres,
486 1081 620 1143 quorum
636 1081 719 1122 unus
734 1058 820 1122 solus
838 1080 901 1122 uno
918 1079 1001 1122 anno
1016 1057 1223 1141 principatur.
1247 1061 1281 1120 et
1296 1055 1413 1119 iudices

265 1164 314 1242 12,
338 1164 481 1228 consules
506 1162 694 1249 [senatores]
719 1164 771 1243 72,
794 1165 941 1248 magistri
971 1163 1152 1227 zunftarum
1178 1163 1216 1226 17
1241 1161 1413 1226 secundum
1513 1193 1514 1196 ¹

262 1291 429 1333 numerum
452 1268 643 1334 zunftarum.
746 1325 750 1330 .

349 1373 398 1438 De
414 1373 464 1438 his
480 1373 644 1458 eliguntur
667 1374 728 1438 viri
743 1396 857 1439 novem
873 1374 928 1459 qui
947 1374 1097 1438 dicuntur
1114 1371 1238 1436 nonarii
1251 1368 1272 1448 ¹,
1291 1372 1414 1436 etiamsi

262 1479 328 1542 siut
343 1478 449 1562 plures
465 1499 561 1561 quam
578 1499 701 1558 novem,
724 1479 757 1542 in
775 1500 853 1562 quos
869 1479 1059 1563 quandoque
1080 1475 1167 1541 totus
1182 1474 1416 1558 compromittit

261 1583 462 1660 consulatus,
485 1587 517 1646 et
541 1583 649 1648 multae
672 1605 775 1648 causae
798 1583 843 1647 eis
866 1607 885 1648 a
910 1583 1077 1648 consulatu
1107 1581 1355 1646 committuntur
1378 1603 1415 1644 ne

262 1688 365 1751 omnis
380 1691 510 1752 senatus
525 1691 705 1770 occupetur.
752 1688 796 1752 Et
816 1689 870 1752 isti
893 1687 1020 1753 nonarii
1036 1691 1111 1752 sunt
1135 1685 1252 1771 partim
1275 1685 1315 1750 de
1331 1685 1415 1770 opti-

265 1791 405 1855 matibus
426 1796 459 1854 et
481 1791 600 1874 partim
622 1791 661 1856 de
683 1790 888 1856 zunftalibus.

348 1892 483 1980 Insuper
505 1918 543 1960 ex
567 1900 636 1960 toto
659 1895 825 1962 consulatu
842 1897 1008 1981 eliguntur
1029 1897 1171 1981 quinque
1191 1896 1250 1960 viri
1275 1895 1414 1978 probati,

263 2021 344 2084 quos
367 2001 532 2066 nominare
553 2024 720 2085 possumus
744 2003 908 2087 quintinus
932 2003 981 2066 vel
1005 1999 1255 2086 quinquerios²‚
1290 2002 1354 2065 duo
1377 2022 1414 2065 ex

264 2105 473 2190 optimatibus
496 2111 529 2170 et
550 2109 615 2170 tres
638 2129 675 2170 ex
699 2107 903 2184 zunftalibus,
927 2129 1061 2192 quorum
1085 2107 1259 2170 auctoritas
1284 2106 1414 2190 grandis

264 2215 322 2289 est,
346 2216 378 2276 et
394 2211 552 2295 praecipue
568 2212 600 2275 in
625 2213 798 2295 repentinis
814 2212 938 2276 casibus
961 2217 993 2276 et
1010 2211 1197 2297 urgentibus
1219 2233 1257 2302 ac
1271 2209 1414 2288 occultis,

267 2316 394 2400 quando
417 2317 594 2380 communis
623 2317 805 2381 consulatus
835 2318 997 2382 commode
1019 2317 1185 2380 convocari
1209 2337 1273 2380 non
1298 2320 1413 2398 potest,

263 2421 313 2484 vel
338 2421 465 2504 quando
480 2444 545 2486 rem
570 2443 632 2484 non
649 2420 776 2503 expedit
798 2421 838 2484 ad
855 2421 1027 2484 multorum
1050 2442 1141 2484 aures
1161 2419 1324 2484 deducere.
1374 2420 1415 2484 Et

263 2525 473 2589 communiter
504 2547 586 2590 unus
616 2525 654 2588 de
683 2525 754 2588 istis
785 2525 925 2608 quinque
953 2529 1000 2588 est
1031 2523 1084 2588 ille
1118 2525 1171 2608 qui
1196 2547 1282 2588 anno
1305 2523 1413 2589 futuro
1516 2547 1517 2550 ¹

263 2629 324 2694 erit
346 2629 499 2714 magister
514 2628 640 2694 civium.
686 2628 775 2712 Saepe
791 2650 867 2713 ergo
890 2629 1049 2713 contingit
1072 2629 1156 2714 quod
1182 2631 1295 2694 mediis
1312 2631 1414 2695 nocti-

265 2736 322 2799 bus
346 2734 542 2813 excitantur,
572 2739 605 2797 et
626 2755 733 2798 casum
766 2737 997 2818 emergentem,
1030 2734 1057 2796 si
1086 2755 1149 2798 non
1172 2734 1259 2818 capit
1281 2757 1414 2814 moram,

264 2839 411 2904 omnibus
421 2862 454 2904 re
464 2836 647 2924 requisitis⁸
664 2841 813 2916 tractant,
832 2841 940 2922 portas
952 2838 1092 2902 civitatis
1108 2840 1265 2924 aperiunt,
1283 2843 1416 2908 nuncios

263 2945 487 3010 intromittunt
510 2944 559 3008 vel
582 2945 744 3022 emittunt,
768 2947 907 3008 armatos
923 2944 1112 3030 quandoque
1135 2945 1257 3010 occulte
1280 2968 1415 3032 congre·

263 3057 343 3136 gant
365 3054 397 3114 et
420 3049 581 3126 emittunt,
605 3047 654 3112 vel
679 3047 810 3112 emissos
834 3052 991 3112 revocant.

268 3201 270 3206 ,
351 3155 433 3219 Sunt
455 3154 551 3218 etiam
572 3152 671 3236 aliqui
697 3149 940 3216 exconsulibus
965 3151 1121 3228 unitores,
1147 3154 1186 3218 ad
1209 3175 1290 3238 qnos
1314 3177 1416 3220 causae

265 3283 354 3348 vagae
370 3265 401 3324 et
416 3258 622 3324 contentiosae
643 3257 829 3321 deferuntur
852 3261 884 3322 et
899 3257 925 3321 si
939 3257 1084 3340 expedire
1106 3263 1138 3322 et
1154 3259 1246 3323 unire
1270 3267 1415 3342 possunt,

266 3367 398 3444 faciunt,
422 3365 449 3430 si
472 3386 547 3442 non,
572 3363 611 3428 ad
634 3363 834 3428 consulatum
859 3362 1010 3428 referunt.

351 3469 502 3546 Quamvis
541 3473 647 3533 autem
687 3468 833 3552 magistri
865 3467 1000 3546 civium,
1041 3467 1186 3553 magistri
1220 3470 1416 3550 sunitarum,

263 3575 401 3654 iudices,
431 3575 595 3653 consules,
626 3573 769 3655 nonarii,
793 3573 974 3657 quinquorii
1004 3573 1189 3640 concludere
1221 3579 1254 3640 et
1284 3577 1417 3642 definire

264 3685 397 3766 possunt
420 3703 473 3760 ea,
506 3702 576 3764 quae
599 3679 804 3762 municipalia
834 3683 1044 3756 concernunt,
1077 3683 1109 3744 et
1131 3685 1251 3745 statum
1274 3683 1417 3748 civitatis

263 3787 442 3870 civiumque
465 3785 653 3869 respiciunt,
684 3805 747 3848 non
771 3788 878 3848 tamen
901 3783 974 3848 illas
997 3805 1107 3848 causas
1130 3784 1320 3865 decernunt,
1346 3811 1418 3873 quae

264 3893 437 3977 respiciunt
459 3891 637 3975 imperium,
661 3893 718 3954 aut
739 3895 905 3954 extraneas
924 3911 1085 3972 personas,
1111 3897 1168 3956 aut
1190 3893 1287 3958 etiarn
1312 3893 1417 3979 ipsam

828 3999 846 4038 a

336 4084 348 4135 l
371 4082 420 4136 Die
438 4081 543 4136 neiner.
571 4099 672 4135 munus
691 4082 741 4137 lroc
762 4099 816 4137 non
836 4081 958 4150 amplius
976 4082 1006 4136 in
1025 4099 1076 4136 vsu
1095 4082 1164 4138 ook.
1192 4083 1250 4137 und
1276 4085 1349 4140 Bess.
1369 4104 1416 4140 nm

264 4170 362 4225 rande.
450 4170 520 4223 2V.
539 4169 674 4224 Gehaime
693 4187 737 4224 cnr
758 4169 846 4224 rande
864 4167 933 4225 Golr.
969 4167 1145 4226 VGeheime
1169 4189 1215 4225 am
1235 4172 1323 4228 rande
1345 4173 1417 4228 Basa

267 4258 309 4312 vel
325 4257 499 4326 qninquarrii
513 4257 585 4313 Mon.
599 4259 623 4312 2.
661 4258 705 4312 vel
718 4257 870 4326 quinterios
883 4257 951 4314 Golr.
967 4257 1039 4314 Base.
1077 4257 1122 4312 vel
1134 4259 1315 4328 quinquenos
1328 4262 1419 4316 Woll.

265 4344 704 4415 Diesezweitebenennungfehlt
717 4345 761 4400 bai
774 4344 875 4402 Sclrad.
887 4345 1007 4402 Schmid.
1018 4346 1103 4401 Wibl.
1116 4345 1159 4400 Kl.
1178 4349 1195 4401 3
1208 4349 1339 4403 omnibus
1349 4355 1415 4404 irre-

264 4430 374 4500 quisitis
384 4430 444 4485 Seh.
456 4431 499 4488 lil.
512 4430 595 4486 Wibl.
606 4433 674 4489 Gok.
687 4433 758 4488 Bess.
769 4435 854 4490 Woll.
865 4434 954 4489 Schm.
981 4438 997 4490 4
1012 4435 1156 4506 Ainunger
1169 4436 1241 4493 Besa.
1257 4455 1303 4492 am
1318 4441 1414 4496 rande.
