3072 4936
807 355 870 420 144

263 530 431 598 Ulmenser
447 533 592 596 emerunt
608 551 708 614 usquc
723 530 763 596 ad
779 551 930 616 unguem.
976 529 1130 598 Similiter
1144 531 1225 611 iura,
1241 531 1416 616 possessio-

263 661 318 703 ncs
341 643 372 703 ct
402 638 485 701 bona
506 635 630 701 abbatie
652 635 687 700 in
713 635 901 702 Bebabueen
924 637 980 722 qui
998 637 1100 703 multa
1121 637 1235 702 habuit
1256 637 1292 702 in
1319 635 1416 703 Ulma

262 747 416 820 emcmnt,
440 742 487 806 ita
504 745 539 805 nt
561 763 625 806 non
641 741 797 806 festucam
819 741 865 806 ibi
881 741 1023 807 haberet.
1070 741 1123 807 Ab
1138 742 1209 808 aliis
1233 743 1334 808 etiam
1349 743 1416 808 sive
1523 737 1524 746 ’

262 847 420 932 religiosis
442 847 509 911 sive
525 845 730 926 secularibus,
755 845 811 930 qui
834 845 1024 911 videbantur
1038 847 1160 931 aliquid
1183 847 1263 912 iuris
1285 848 1320 912 in
1336 847 1414 913 ciri·

260 957 327 1018 tate
349 952 483 1030 habere,
516 954 660 1014 emerunt
682 946 776 1014 iura¹
799 954 832 1014 et
854 949 1016 1016 civitatem
1039 950 1173 1016 liberam
1194 951 1413 1018 reddiderunt.

165 1055 319 1135 allisum
341 1061 390 1123 est
411 1057 505 1122 hodie
528 1056 639 1120 civitas
661 1056 694 1120 in
718 1055 861 1140 imperio,
884 1057 1034 1122 audacter
1057 1056 1135 1138 dico,
1159 1057 1292 1123 liberior
1316 1081 1414 1143 qnam

260 1161 367 1242 Ulma,
390 1163 424 1226 in
447 1183 511 1246 qua
533 1162 640 1226 nullus
663 1161 827 1245 princepe,
852 1160 959 1226 nullus
983 1162 1158 1247 episcopua,
1180 1162 1290 1228 nullus
1313 1164 1414 1229 abbas

260 1269 431 1353 quicquam
446 1267 552 1343 habet,
576 1265 638 1330 nisi
653 1266 712 1331 sub
728 1287 823 1330 censu
839 1266 999 1331 communi
1014 1267 1164 1334 civitatis.
1210 1265 1314 1352 Super
1329 1291 1414 1353 prae·

176 1373 344 1451 “guaiam
367 1373 553 1456 inceperunt
575 1371 672 1436 etiam
694 1370 786 1436 villae
808 1391 913 1436 emera
935 1375 968 1436 et
987 1375 1092 1436 castra
1114 1395 1170 1457 per
1193 1395 1311 1458 gyrum
1334 1373 1414 1438 civi-

258 1479 344 1543 tatis.
375 1479 441 1542 imo
471 1477 565 1542 multi
588 1476 699 1541 rustici
728 1479 843 1560 sponte
866 1498 899 1540 se
922 1475 1130 1543 Ulmeneibue
1153 1477 1356 1542 tradiderunt
1379 1483 1414 1546 et

257 1605 324 1648 sua.
354 1583 461 1666 plnres
490 1583 586 1647 etiam
617 1581 731 1647 divites
760 1586 792 1646 et
813 1581 953 1660 nobiles,
984 1582 1124 1648 haeredes
1155 1603 1219 1648 non
1241 1583 1411 1665 habentes,

257 1711 315 1753 sua
330 1686 535 1754 Ulmeneibue
558 1687 765 1772 reliquerunt,
788 1686 879 1772 quasi
900 1687 1078 1771 respublica
1092 1685 1296 1754 Ulmeneium
1312 1689 1410 1773 qnid·

259 1794 333 1858 dam
348 1793 488 1858 numinis
504 1795 594 1858 esset.
626 1791 677 1858 Sic
693 1791 806 1857 recitat
822 1791 1023 1878 Augustinus
1039 1793 1221 1858 decivitate
1236 1792 1287 1858 dei
1302 1792 1360 1858 lib.
1378 1795 1411 1862 3.

257 1920 324 1984 cap.
352 1900 402 1964 ll.
437 1899 475 1963 de
499 1898 611 1962 Attalo
634 1919 708 1983 rege
731 1895 849 1983 Syriae,
880 1899 936 1982 qui
963 1899 1100 1964 moriens
1124 1896 1286 1963 Romanos
1316 1900 1411 1985 regni

256 2006 306 2070 sui
328 2004 496 2070 constituit
519 2002 667 2068 haercdcs.
701 2006 733 2068 et
755 2003 906 2068 meretrix
938 2001 1081 2086 quadam
1110 2003 1145 2066 in
1167 2002 1247 2068 urbe
1269 2004 1411 2070 moriens

258 2107 409 2175 Romanis
432 2132 489 2175 sua
511 2109 596 2174 bona
616 2107 746 2204 legavit,
770 2111 901 2192 propter
923 2107 1007 2191 quod
1031 2129 1101 2172 eam
1120 2106 1296 2172 honorifice
1318 2131 1411 2194 eape-

254 2216 374 2282 liernnt
396 2220 429 2281 et
451 2216 535 2280 inter
558 2214 631 2280 deas
647 2211 785 2278 Romani
807 2211 917 2296 populi
939 2211 1127 2292 retulerunt,
1149 2217 1187 2278 ut
1204 2212 1408 2299 Augustinus

255 2323 293 2387 de
317 2321 446 2387 civitate
469 2320 518 2385 dei
541 2319 596 2384 lib.
622 2319 650 2383 6.
675 2338 742 2402 cap.
768 2319 798 2382 7.
821 2318 931 2383 habet.
978 2317 1029 2384 Sic
1062 2321 1095 2384 ct
1117 2317 1286 2386 Ulmenses
1316 2323 1409 2386 anni-

255 2427 394 2493 versoria
417 2449 541 2505 eorum,
564 2447 700 2510 quorum
723 2425 807 2489 bona
829 2423 1009 2508 possident,
1033 2423 1224 2504 ,solemniter
1247 2431 1409 2512 peragunt

254 2530 437 2611 annuatim,
470 2531 590 2596 scilicet
618 2529 818 2595 dominorum
849 2529 888 2594 de
917 2527 1098 2594 Hclfastein
1129 2533 1162 2595 et
1191 2531 1346 2596 comitum
1368 2533 1409 2598 de
1523 2573 1524 2576 =

253 2634 452 2722 Werdaborg
482 2640 611 2721 propter
634 2634 763 2720 Albegg
793 2635 877 2720 apud
900 2634 1142 2719 predicatores,
1167 2657 1219 2701 eos
1243 2657 1309 2702 non
1331 2639 1407 2703 deos

253 2741 308 2807 sed
324 2741 563 2807 divinificandoe
586 2745 701 2826 optant
723 2745 756 2805 et
771 2743 874 2806 orant.
920 2737 972 2805 Sic
996 2761 1073 2826 argo
1096 2740 1221 2825 antiqui
1237 2739 1406 2808 Ulmeneee

253 2846 407 2932 quidquid
430 2850 578 2931 poterant
610 2847 650 2911 ad
673 2847 722 2912 sui
746 2845 878 2911 dominii
909 2845 1148 2929 ampliationem
1170 2867 1274 2912 emere
1297 2850 1330 2912 et
1352 2869 1406 2913 ac-

252 2952 372 3038 cipere,
403 2956 532 3036 repcnte
562 2952 723 3018 faciebant
744 2952 841 3016 nullis
874 2955 1038 3035 parcentes
1062 2951 1212 3036 pecuniis.
1258 2949 1333 3016 Non
1358 2952 1406 3018 sio

252 3057 375 3124 faciunt
397 3059 555 3124 modernis
578 3057 775 3141 temporibus
798 3057 919 3122 domini
936 3055 1102 3122 Ulmenees
1125 3053 1269 3141 parvibci
1292 3061 1325 3122 ct
1348 3079 1404 3141 pu-

251 3163 447 3244 sillanimes,
466 3186 540 3228 nam
564 3184 632 3228 sevo
654 3165 765 3228 nostro
787 3161 914 3226 oblatus
937 3162 983 3226 eie
1005 3161 1070 3226 fuit
1091 3160 1208 3228 nobilis
1231 3162 1404 3228 comitatus

250 3267 431 3353 Kirchberg
454 3289 510 3352 pro
533 3266 609 3332 exili
631 3266 806 3350 emptione,
837 3269 869 3330 et
898 3287 1115 3350 eaepenumero
1145 3267 1252 3351 rogati
1280 3270 1318 3331 ut
1350 3289 1404 3332 ac-

250 3374 410 3458 ciperent,
434 3373 517 3458 qnod
542 3373 618 3436 dum
639 3371 747 3437 facore
767 3370 907 3449 nollent,
931 3371 1010 3436 emit
1031 3393 1104 3436 eum
1126 3371 1315 3436 comitatum
1338 3371 1404 3437 Ba·

250 3480 345 3545 variae
368 3481 451 3559 dux,
484 3479 649 3563 facturque
672 3481 721 3543 eet
742 3477 950 3544 Ulmensibue
973 3478 1142 3542 comitatus
1174 3475 1229 3541 ille
1251 3477 1347 3561 spina
1368 3477 1402 3542 in

251 3585 350 3649 oculis
373 3589 406 3650 et
428 3585 538 3650 lancea
559 3584 593 3648 in
617 3585 725 3648 latere.
772 3581 823 3648 Sic
842 3586 874 3648 ct
889 3586 1028 3648 castrum
1043 3579 1237 3647 Illlcrbach'
1260 3581 1402 3647 adlatus

250 3711 358 3754 eorum
384 3691 495 3756 venale
518 3713 589 3756 cum
611 3689 758 3754 omnibus
781 3688 960 3754 attinentiis
983 3689 1057 3753 dum
1082 3708 1185 3753 emere
1207 3691 1401 3766 recusarent,

249 3795 326 3859 emit
355 3817 425 3859 eum
457 3794 558 3860 hostis
589 3800 621 3860 et
652 3795 799 3860 inimicus
832 3816 951 3860 eorum.
997 3791 1151 3858 Similiter
1182 3793 1400 3876 superioribus

249 3899 357 3978 annis,
389 3901 465 3965 dum
497 3901 671 3966 dominium
693 3900 867 3985 Hocbberg
900 3899 1003 3964 adhuc
1034 3901 1117 3964 esset
1139 3898 1172 3961 in
1195 3895 1399 3963 Ulmeneium

249 4009 416 4089 potestate,
440 4006 558 4070 obtulit
574 4006 618 4071 cie
642 4007 705 4070 dux
723 4005 863 4070 nustria
885 4026 943 4089 pro
959 4007 1118 4094 eototum
1139 4002 1399 4069 marchionatum

248 4110 399 4195 Burgow,
424 4111 478 4194 qui
500 4112 568 4176 eine
589 4112 693 4177 medio
716 4111 795 4177 fines
816 4109 1018 4176 Ulmeneium
1041 4109 1211 4195 contingit.
1243 4109 1298 4174 sed
1323 4111 1398 4175 dum

248 4214 415 4282 Ulmenees
438 4217 717 4283 commutationem
740 4215 845 4336 faoepc
867 4215 1005 4296 nollent,
1029 4215 1148 4300 recepit
1169 4213 1234 4283 (lux
1258 4213 1398 4280 Austrise

318 4375 330 4428 l
351 4372 415 4428 iura
432 4371 485 4428 illa
504 4371 577 4428 Mon.
599 4374 621 4426 l.
639 4372 719 4429 Gold.
739 4376 778 4428 ut.
849 4371 866 4426 2
886 4371 996 4427 Erbach
1015 4387 1053 4425 an
1072 4369 1122 4426 der
1143 4367 1243 4427 Donau
1261 4370 1399 4428 oberhalb

214 4484 230 4527 :-
247 4459 411 4540 mellus
443 4511 449 4523 .

1522 1099 1524 1200 l

1522 1423 1524 1520 l
