3072 4936
694 380 757 446 119

149 559 311 623 decoravit
333 557 531 620 maturitate.
580 556 668 619 Adeo
698 559 806 619 autem
833 555 900 619 haec
932 555 1055 619 familia
1086 559 1233 640 reputata
1254 560 1304 620 est

152 664 281 741 nobilia,
304 662 451 746 quamvis
466 662 508 724 sit
524 659 688 738 zunftalis,
711 665 748 723 ut
763 660 971 744 optimatibus
988 664 1019 722 et
1035 660 1208 724 maioribus
1224 665 1302 725 natu

152 768 321 834 connubiis
336 768 444 831 iuncta
461 765 683 850 multipliciter
699 765 889 829 inveniatur.
936 763 974 828 In
991 765 1086 828 curiis
1102 766 1198 829 etiam
1214 766 1304 850 prin-

151 875 258 958 cipum
275 873 399 938 militiae
422 876 570 936 vacantes
593 871 677 934 inter
694 869 817 934 nobiles
840 893 946 934 servos
969 893 1032 934 non
1049 870 1187 935 minores
1210 893 1303 955 repu-

150 980 211 1042 tati
236 983 320 1042 sunt.
367 975 459 1042 Unde
476 977 551 1039 dum
573 975 606 1039 in
623 975 759 1059 quodam
783 976 911 1060 agonali
929 975 1002 1039 ludo
1027 975 1156 1059 quidam
1181 997 1219 1039 ex
1242 976 1301 1040 hac

150 1084 276 1148 familia
292 1086 433 1147 armatus
449 1081 606 1144 incederet
621 1085 653 1144 et
668 1083 835 1144 stemmate
850 1102 907 1144 suo
929 1084 1061 1144 ornatus
1077 1080 1161 1144 inter
1178 1081 1302 1144 nobiles

150 1189 282 1268 luderet,
305 1188 424 1252 invasit
447 1210 517 1251 eum
543 1186 671 1270 quidam
695 1186 811 1250 nobilis
834 1187 1020 1270 increpem,
1044 1207 1100 1249 cur
1124 1207 1214 1250 arma
1236 1207 1302 1250 suae

151 1293 315 1378 progeniei
338 1292 467 1377 propria
498 1291 581 1356 ferre
609 1295 823 1375 presumeret.
870 1289 931 1366 Qui
962 1292 1038 1354 dum
1061 1291 1180 1355 diceret
1214 1312 1304 1354 arma

151 1399 209 1462 illa
231 1420 297 1462 suae
319 1395 451 1461 familiae
475 1417 541 1460 esse
564 1397 710 1479 propria,
743 1395 876 1461 deducta
899 1401 947 1459 est
979 1417 1075 1460 cansa
1098 1397 1136 1458 ad
1161 1395 1303 1459 tribunal

151 1504 296 1582 Caesarie,
320 1505 375 1588 qui
398 1503 490 1567 istam
514 1503 724 1566 mutationem
746 1501 832 1580 fecit,
856 1505 891 1565 ut
913 1500 1030 1564 nobilis
1054 1499 1153 1564 ferret
1176 1522 1303 1584 capram

150 1613 328 1688 cornutam,
354 1607 481 1672 Bitterli
498 1629 573 1670 vero
595 1629 722 1690 capram
747 1609 780 1670 in
797 1606 913 1670 eisdem
936 1605 1094 1670 coloribus
1117 1607 1184 1670 sine
1199 1607 1303 1670 corni-

152 1716 223 1779 bus.
268 1713 361 1780 Unde
394 1717 499 1777 autem
524 1712 584 1776 hoc
608 1734 722 1776 nomen
748 1711 874 1774 Bitterli
906 1711 954 1774 illi
977 1709 1107 1774 familiar
1130 1709 1303 1789 advenerit,

151 1843 216 1884 non
242 1819 358 1883 audivi.
405 1816 464 1882 Sed
500 1817 575 1902 quia
597 1817 822 1882 diminutivum
855 1837 971 1880 sonans
995 1839 1126 1900 parvum
1151 1839 1304 1896 amarum,

152 1924 268 2008 opinor
291 1924 323 1986 in
348 1923 455 2007 aliqua
478 1924 683 2008 generatione
697 1923 774 1987 olim
797 1923 895 1986 tuisse
923 1921 973 1986 vel
996 1943 1129 2005 puerum
1152 1923 1304 1986 sericeum

151 2033 210 2093 aut
239 2028 482 2092 homuncionem
504 2050 638 2112 parvum
662 2031 824 2112 potentem
846 2031 878 2091 et
900 2026 1049 2110 rigidum,
1073 2049 1165 2110 quem
1189 2027 1304 2110 vulgus

152 2133 277 2197 bitterli
300 2132 465 2198 nominare
493 2133 665 2196 consuevit.
711 2131 759 2196 De
781 2131 832 2195 his
856 2130 1137 2195 Bitterlinensibue
1169 2131 1304 2194 vidimus

152 2261 222 2304 aevo
246 2243 355 2302 nostro
377 2238 549 2322 magistros
572 2236 773 2316 sunitarum,
808 2237 944 2315 iudices,
967 2234 1128 2315 consules,
1152 2237 1303 2314 unitores,

153 2343 405 2420 ratiocinatores,
422 2343 594 2426 quintinos,
611 2343 801 2427 magistrum
813 2341 910 2405 curiae
922 2339 1099 2424 hospitalis,
1115 2343 1147 2404 et
1163 2345 1304 2404 maturos

152 2447 239 2510 viros
272 2447 325 2530 qui
356 2446 451 2510 etiam
475 2447 686 2511 mittebantur
717 2446 922 2510 aconsulalu
947 2445 986 2508 ad
1010 2446 1232 2528 imperatores,
1265 2445 1304 2509 ad

154 2573 247 2635 reges
263 2550 420 2634 principes
435 2555 468 2615 et
483 2551 521 2614 ad
536 2551 655 2630 diaetas,
675 2555 744 2615 tum
760 2553 890 2635 propter
905 2549 1109 2634 prudentiam
1123 2555 1193 2614 tum
1209 2551 1305 2614 etiam

149 2659 283 2740 propter
306 2677 511 2740 personarum
535 2655 746 2720 venerabilem
769 2656 962 2739 adspectum.

613 2815 812 2917 ilttinger
829 2832 851 2896 ¹.

244 2971 508 3057 Ottingensium²
532 2973 655 3037 familia
677 2973 834 3060 dignitate
859 2972 985 3051 florens,
1007 2993 1130 3055 semper
1152 2972 1186 3035 in
1209 2969 1306 3036 Ulma

153 3077 365 3161 optimatibus
381 3077 489 3140 iuncta
512 3081 544 3141 et
559 3077 661 3142 amica
685 3077 782 3161 [fuit].
830 3077 921 3141 Hauc
943 3077 1089 3141 nonnulli
1104 3076 1306 3160 suspicantur

153 3182 234 3246 olim
249 3205 286 3246 en
300 3180 429 3247 Rhaetia
440 3179 569 3246 Ulmum
585 3183 718 3260 venisse,
734 3204 772 3245 ex
788 3183 914 3246 nomine
930 3185 1089 3246 sumentes
1099 3181 1306 3260 occasionem,

154 3287 249 3372 quasi
264 3287 334 3352 ideo
350 3285 465 3352 Oetten
487 3287 666 3351 dicerentur
690 3287 765 3370 quia
788 3286 826 3351 de
841 3285 1038 3370 Oettingen³
1061 3285 1177 3368 oppido
1192 3291 1306 3351 essent.

51 3383 54 3390 ¹
154 3390 228 3457 Hoc
257 3396 365 3456 tamen
396 3414 436 3455 an
461 3415 569 3456 verum
592 3393 651 3468 sit,
684 3390 774 3455 nullo
798 3391 936 3455 evidenti
971 3390 1154 3454 testimonio
1178 3391 1306 3474 probari

153 3500 273 3581 potest,
297 3497 373 3580 quia
388 3497 564 3580 antiquitas
587 3497 674 3561 illius
696 3497 838 3576 familiae,
862 3519 925 3582 qua
950 3494 1078 3561 Ulmem
1100 3494 1305 3574 inhabitavit,

153 3601 233 3665 tulit
248 3599 383 3686 originis
405 3599 589 3666 memoriam
605 3605 734 3665 certam.
782 3601 829 3664 De
844 3601 905 3666 hac
922 3601 1045 3664 familia
1062 3600 1198 3664 vidimus
1214 3601 1306 3664 annis

152 3715 231 3770 ante
248 3705 327 3769 actis
342 3706 375 3768 in
390 3703 488 3770 Ulma
503 3705 629 3786 iudices,
646 3706 798 3784 consules,
818 3707 983 3792 praefeetos
999 3709 1157 3770 terrarum
1172 3703 1307 3770 Ulman-

152 3811 250 3890 sium,
274 3815 306 3874 et
329 3811 571 3894 praedicatorum
594 3817 726 3892 tutores,
750 3835 913 3896 nunquam
938 3817 1045 3876 autem
1067 3811 1275 3876 mechanicos.

723 3981 741 4020 *

229 4107 240 4159 l
262 4089 386 4172 (ltingen
405 4107 504 4162 Schad.
525 4107 569 4162 Kl.
605 4107 743 4178 Ottiugen
762 4106 882 4160 Schmid.
902 4106 989 4161 Wibl.
1036 4106 1075 4161 De
1094 4104 1309 4175 Oetingenaibus

156 4194 231 4249 Mon.
251 4192 276 4246 2.
314 4191 353 4246 De
371 4177 580 4262 iltingensibus.
600 4197 684 4249 00000
705 4195 773 4250 (loli.
796 4195 866 4249 Besa.
929 4193 1189 4262 20ettingensium
1208 4191 1309 4247 Schad.

155 4281 230 4336 Mon.
249 4281 274 4334 2.
294 4281 337 4334 Kl.
375 4279 583 4349 Ottingensium
604 4281 690 4336 Wibl.
727 4279 943 4349 Ottengensium
956 4279 1076 4336 Schmid.
1113 4278 1307 4348 Otingensium

155 4369 224 4424 (toli.
246 4367 320 4422 Bess.
372 4369 389 4422 3
411 4367 466 4422 Das
484 4369 632 4424 at‘adtehen
651 4387 698 4424 am
716 4371 768 4424 lun
787 4367 825 4422 iet
838 4369 911 4424 wohl
926 4369 1057 4438 gomeint,
1077 4369 1155 4423 nicht
1169 4353 1307 4434 ilttingen

155 4455 263 4510 ander
283 4454 419 4510 Wemita.

1060 4557 1100 4612 81
