3034 4922
675 333 737 402 215

288 510 410 577 Cuncta
432 531 494 594 que
516 511 665 576 mandavi
687 511 777 576 vobis
801 511 939 576 dicentes
962 510 1137 592 observare,

286 615 330 682 Et
351 615 486 680 credatis
508 637 632 700 semper
654 639 704 682 me
725 617 887 702 uobiscum
910 615 1065 682 habitare.

287 718 397 786 Omnis
419 719 515 785 homo
539 721 644 786 salvus
667 722 737 802 erit,
761 722 817 807 qui
839 721 966 787 credens
988 721 1179 806 baptizatur,

286 824 347 903 Qui
368 846 444 891 vero
465 847 529 890 non
552 826 718 902 crediderit
739 827 773 891 in
796 849 888 892 erum
910 827 1146 893 condemnatur.

209 949 260 988 cco
285 929 357 1016 Ego
379 951 455 995 vero
476 931 570 996 modo
593 953 662 996 sum
686 953 705 996 a
726 931 816 997 vobis
839 953 1016 997 recessurus

285 1033 337 1101 Ad
353 1036 446 1101 deum
461 1040 603 1102 vostrum
618 1041 714 1122 atque
729 1042 852 1122 petrem
868 1059 938 1102 sum
953 1057 1058 1102 meum
1074 1059 1277 1120 ascensurum
1322 1057 1326 1066 ·

285 1140 521 1227 Remittemque
543 1143 741 1228 paraclitum,
765 1144 820 1229 qui
843 1164 899 1208 vos
921 1143 990 1208 loco
1012 1144 1075 1208 mei

286 1247 409 1312 Docens
432 1248 656 1329 consolabitur,
680 1249 734 1334 qui
757 1249 889 1335 spiritus
913 1253 961 1314 est
982 1248 1049 1327 dei;

285 1350 323 1417 ln
346 1352 475 1418 civitate
497 1354 707 1438 prestolantes
730 1375 806 1440 ergo
829 1352 972 1432 sedeatis,

211 1475 260 1517 που
286 1457 394 1526 Donec
416 1460 560 1526 sanctum
583 1459 732 1546 spiritum
754 1479 809 1527 vos
832 1457 1021 1546 recipiatis«

196 1772 296 1858 Quod
323 1773 496 1846 dominus
523 1771 651 1846 edunt
677 1770 877 1868 discipulos
904 1771 943 1843 in
971 1771 1208 1847 Bethaniam.

288 1983 365 2050 Post
385 1983 447 2050 hoe
468 1981 501 2048 in
524 1981 716 2049 Bethaniam
738 1985 829 2046 extra
850 1979 1011 2046 civitatem

286 2089 408 2157 Eduxit
429 2089 512 2154 hanc
533 2089 674 2156 fidelium
696 2088 946 2168 universitatem,

286 2195 329 2262 Et
350 2195 455 2274 iussit,
477 2196 561 2281 qnod
584 2195 787 2260 ascenderent
809 2198 950 2260 montem
968 2191 1095 2274 Oliveti,

115 2389 120 2396 Β
286 2300 419 2388 Ipseque
441 2299 606 2386 disparuit,
628 2300 677 2364 illi
699 2322 773 2366 vero
796 2299 853 2365 leti

213 2425 261 2464 mc
287 2405 505 2474 ascenderunt
526 2428 621 2491 snper
642 2409 783 2472 montem
805 2427 877 2470 cum
899 2405 1024 2491 virgine
1045 2405 1149 2471 Maria

286 2513 333 2580 Ao
354 2513 472 2580 sanctis
494 2512 689 2591 mulieribus,
713 2533 784 2576 cum
806 2511 909 2576 laudis
931 2511 1123 2596 hymnodia3

285 2619 387 2686 Erant
409 2622 516 2684 autem
537 2617 583 2682 ibi
606 2617 668 2682 viri
690 2617 805 2703 viginti
827 2639 923 2702 supra
945 2621 1072 2683 centum

285 2724 395 2793 Preter
415 2729 540 2794 sanctas
563 2723 709 2794 mulieres
731 2727 897 2813 sequentes
920 2722 1005 2790 hunc
1027 2727 1226 2792 conventum

137 3025 236 3112 Quod
262 3029 432 3104 dominus
458 3029 598 3103 iterum
626 3026 803 3122 apparuit
834 3028 874 3101 et
900 3025 1166 3101 consolabatur
1193 3048 1272 3098 ma-

579 3154 679 3224 trem
706 3171 824 3223 suem.

285 3357 428 3445 Apparet
450 3355 543 3424 Jesus
565 3356 682 3422 iterum
704 3360 736 3421 et
757 3377 814 3440 per
836 3375 943 3419 vocem
965 3355 1053 3439 piam

212 3483 259 3523 ⁸⁸2⁶
285 3464 444 3533 Sahrtarit
466 3463 638 3542 universos,
662 3461 847 3547 dulcemque
869 3460 1015 3540 Mariam,

285 3571 421 3636 Matrem
444 3591 544 3650 suam,
568 3568 735 3654 virginem,
757 3567 895 3650 benigne
917 3567 1108 3647 consolatur,

283 3675 337 3757 uc,
360 3699 400 3741 ne
422 3697 480 3761 pro
502 3695 626 3741 recessu
648 3695 706 3738 suo
729 3673 844 3752 doleat,
867 3671 1025 3751 hortatur,

284 3779 488 3862 Promittere,
511 3780 595 3866 qnod
618 3779 658 3845 ad
680 3801 750 3844 eam
772 3779 815 3843 sit
835 3779 1143 3863 ipsemetventurus

284 3886 321 3954 ln
343 3891 446 3952 morte
468 3909 534 3967 sua,
558 3907 679 3952 necnon
702 3907 771 3951 eam
793 3885 827 3949 in
850 3883 932 3949 celos
955 3887 1184 3967 assumpturus.

210 4009 258 4049 *Μ
283 3991 387 4058 Maria
409 4013 483 4056 vero
506 3989 607 4055 filiurn
631 3989 766 4054 adorm
789 3987 985 4072 deprecatur,

285 4095 332 4164 Ut
353 4097 395 4163 ab
417 4118 455 4163 eo
477 4117 591 4181 corpus
613 4097 680 4161 eius
702 4089 984 4179 semper'tueatur,

285 4203 331 4271 Ut
352 4225 409 4268 nec
431 4202 492 4268 hoc
514 4203 554 4267 ab
576 4200 682 4286 impiis
705 4198 815 4265 Judeis
838 4199 991 4283 rapiatur,

286 4306 352 4374 Nec
374 4309 409 4373 in
432 4308 499 4373 vita
521 4327 579 4388 nec
600 4305 634 4371 in
656 4309 758 4371 morte
780 4305 855 4370 huic
878 4303 1041 4368 illudatur.

287 4412 378 4482 lesus
401 4414 464 4484 eit:
490 4411 537 4479 »0
559 4412 604 4482 mi
625 4410 735 4494 dulcis,
762 4433 781 4476 o
804 4413 906 4478 meter
928 4429 1082 4492 amorosa,
