3072 4936
692 367 753 432 139

142 538 284 602 habetur
308 539 340 603 ff.
371 539 410 604 de
433 539 557 625 origine
591 541 670 604 iuris
693 541 712 624 ᾖ
735 542 854 606 exactis
877 547 909 606 et
932 543 1050 608 ibidem
1072 544 1105 608 in
1137 543 1243 628 glossa
1260 543 1295 630 ¹),

142 644 302 728 quomodo
321 643 457 710 Romani
482 646 638 711 miserunt
656 648 695 712 10
716 647 804 711 ‚viros
828 649 866 712 ad
884 648 1009 713 Graecos
1031 672 1089 733 pro
1111 649 1295 736 legibus12

144 749 339 830 tabularum,
356 773 435 835 quas
452 750 628 815 tradiderat
651 750 904 817 Atheniensibus
920 752 1017 818 Solon
1032 755 1293 838 sapientissimus.

143 851 205 917 Sed
238 853 338 919 Graeci
371 859 542 940 antequam
576 856 620 921 eis
654 857 741 941 leges
772 859 940 924 concedere
971 859 1105 940 vellent,
1140 862 1295 927 miserunt

143 958 279 1024 Romam
311 961 500 1043 prudentem
532 962 653 1042 virum,
688 965 743 1048 qui
774 963 968 1048 exploraret,
1000 986 1041 1027 an
1072 969 1177 1030 essent
1205 967 1294 1052 digni

144 1086 305 1129 sacrarum
329 1065 447 1151 legum,
472 1089 543 1150 quaa
565 1071 633 1132 tam
655 1069 816 1151 praeclarae
839 1073 930 1135 erant
951 1075 984 1134 et
1006 1068 1117 1148 utiles,
1141 1073 1178 1133 ut
1199 1072 1226 1134 si
1249 1071 1293 1136 eis

144 1174 297 1256 perpetuo
320 1173 368 1236 uti
392 1171 527 1252 vellent,
558 1173 785 1257 sempiternum
815 1174 959 1240 habituri
988 1179 1093 1240 essent
1115 1175 1292 1258 imperium.

142 1274 221 1340 Cum
245 1280 352 1340 autem
368 1275 505 1342 Romani
530 1279 593 1342 iam
619 1279 710 1363 digni
732 1280 862 1344 iudicati
886 1281 1078 1365 accepissent
1101 1280 1187 1364 leges
1210 1281 1294 1360 illas,

144 1403 196 1444 eas
219 1381 470 1462 declaraverunt,
494 1382 644 1447 addentes
665 1383 743 1447 duas
758 1385 894 1450 tabulas.
938 1385 1051 1468 Sisque
1078 1388 1197 1448 vocatia
1219 1390 1295 1449 sunt

141 1485 229 1571 leges
252 1485 316 1550 XII
339 1487 530 1552 tabularum.
578 1487 630 1552 Sic
652 1491 685 1552 et
708 1487 875 1555 Ulmenses
905 1491 1046 1554 omnium
1069 1511 1158 1572 paene
1181 1489 1293 1553 civita-

138 1595 210 1655 tum
244 1592 329 1676 leges
359 1597 594 1676 perscrutantes
623 1595 685 1658 sibi
715 1595 810 1660 utiles
841 1601 874 1660 et
904 1596 1126 1660 convenientes
1154 1594 1220 1659 suis
1242 1596 1292 1659 in·

139 1701 326 1762 seruerunt:
359 1702 391 1762 et
415 1699 567 1782 quamdiu
589 1700 762 1764 secundum
789 1724 841 1766 ees
864 1724 954 1766 suam
976 1701 1158 1787 gubernant
1179 1699 1292 1765 cirita·

143 1806 218 1880 tem,
243 1803 415 1886 proficiunt
438 1808 470 1868 et
492 1810 653 1884 crescunt3
686 1808 714 1871 si
737 1829 811 1872 vero
843 1831 863 1872 a
885 1808 993 1891 legum
1016 1807 1219 1872 observantia
1242 1829 1292 1872 re-

139 1906 303 1986 cesserint,
329 1907 513 1974 deorasount
535 1914 567 1975 et
588 1911 750 1976 deficiunt.

661 2205 727 2277 cap·
746 2208 772 2261 2·
1297 2273 1386 2308 uolunt.

1290 2321 1356 2360 eaput.
1366 2319 1394 2352 1v

138 2347 193 2412 De
224 2347 422 2431 proiectu
454 2349 656 2414 civitatis
679 2349 884 2414 ulmensis
912 2353 956 2413 et
990 2349 1192 2432 quomodo
1225 2349 1383 2441 clo-affie-

460 2453 597 2518 minia
619 2477 691 2518 sua
713 2455 964 2539 acquisivit.
1297 2449 1390 2487 11189-

227 2643 364 2709 Romani
386 2649 523 2710 testante
549 2645 729 2731 Augustino
752 2645 942 2710 decivitate
968 2644 1028 2708 Dei
1052 2645 1119 2728 [lib.
1144 2647 1173 2710 5.
1198 2668 1223 2710 c.
1248 2647 1290 2710 16

136 2749 237 2816 etlib.
258 2751 307 2814 12.
330 2771 356 2814 c.
383 2749 434 2814 16.
448 2747 477 2835 ²]
502 2749 587 2814 orbis
602 2752 846 2834 promeruerunt
862 2748 1046 2829 dominium,
1071 2749 1147 2834 quia
1162 2749 1290 2833 optimis

136 2855 289 2920 vivebant
311 2853 436 2939 legibus
458 2855 580 2938 primo,
614 2857 646 2918 et
669 2876 776 2920 amore
799 2855 912 2939 patriae
936 2854 1120 2938 flagrabant
1142 2855 1289 2934 secunde,

137 2964 170 3024 et
194 2959 261 3022 zelo
294 2958 425 3024 iustitiae
449 2958 604 3024 ardebant
626 2958 742 3039 tertio,
777 2963 809 3023 et
831 2981 907 3042 paca
930 2958 1033 3023 civilis
1062 2959 1289 3024 benevolentiae

135 3063 375 3130 concordabant
397 3067 522 3148 quarto.
547 3064 608 3142 his,
632 3064 763 3148 inquam
780 3063 883 3128 Roma
898 3061 976 3128 olim
991 3063 1109 3128 mundo
1125 3063 1289 3146 incognita

135 3169 229 3234 exilis
253 3175 284 3234 et
307 3190 406 3253 parra
420 3169 562 3233 exaltata
584 3173 642 3248 est,
666 3172 698 3233 et
713 3169 842 3232 domina
865 3170 963 3234 totius
987 3167 1073 3232 orbis
1096 3168 1190 3231 facta.
1237 3165 1289 3232 Sic

135 3275 207 3359 pari
230 3275 324 3338 modo
351 3274 522 3338 secundum
552 3274 791 3358 proportionem
824 3295 991 3357 possumus
1018 3273 1108 3357 loqui
1130 3272 1168 3336 de
1192 3269 1289 3336 Ulma

134 3383 257 3458 nostra,
281 3401 352 3462 quae
376 3379 453 3444 olim
475 3401 585 3464 parva,
609 3379 698 3443 cuius
720 3399 778 3442 nec
799 3401 914 3443 nomen
938 3383 1049 3443 uotum
1073 3376 1197 3442 eratin
1219 3379 1289 3442 tota

702 3487 720 3525 *

210 3571 221 3623 l
241 3569 457 3634 consueuerant,
483 3567 517 3624 de
541 3567 643 3638 quibus
663 3567 838 3638 Augustinus
862 3567 896 3624 (11
924 3567 956 3622 ci.
976 3567 995 3620 1.
1017 3567 1090 3622 121.
1111 3564 1214 3622 16111.
1253 3565 1288 3620 111

132 3658 259 3713 habetur
278 3657 305 3710 ff.
331 3657 365 3711 de
390 3655 499 3726 origiue
517 3655 591 3710 Juris
617 3655 635 3710 1.
659 3655 698 3710 12.
734 3656 758 3726 ς.
778 3655 884 3711 exactis
910 3655 941 3712 li.
966 3673 1011 3726 po.
1036 3657 1065 3710 et
1091 3653 1159 3708 ibid.
1183 3653 1213 3708 in
1232 3653 1288 3723 glo.

135 3749 210 3802 11111.
233 3747 257 3800 2.
294 3745 517 3801 consueruerunt
536 3745 567 3796 vt
584 3743 706 3797 habetur
725 3744 751 3798 d.
771 3743 840 3813 orig.
861 3743 880 3797 1.
900 3743 924 3796 2.
943 3742 963 3796 f.
982 3741 1100 3806 exactis,
1125 3743 1155 3796 11
1172 3739 1239 3795 ibid.
1258 3741 1288 3796 in

133 3833 174 3903 gl.
196 3831 295 3887 Schad.
332 3835 536 3888 consueverunt
562 3833 594 3885 vt
619 3831 725 3901 legitur
744 3831 778 3886 de
796 3831 867 3900 orig.
883 3829 916 3886 Ι1.
934 3833 960 3887 2.
985 3830 1089 3886 exactis
1114 3831 1144 3884 et
1165 3827 1232 3883 ibid.
1257 3829 1288 3884 in

135 3920 177 3990 gl.
196 3919 240 3973 Kl.
279 3923 489 3975 consueuerant.
527 3916 567 3971 De
584 3917 685 3986 quibua
711 3934 736 3972 a.
755 3917 817 3972 dici.
836 3917 855 3971 1.
874 3919 890 3970 2
909 3934 930 3973 1.
951 3917 983 3971 16
1001 3917 1053 3971 dic.
1072 3917 1101 3970 ot
1113 3915 1234 3971 habetur
1253 3915 1285 3972 D.

137 4009 173 4063 de
193 4007 262 4075 orig.
282 4005 358 4060 Juris
375 4005 394 4059 1.
414 4006 438 4059 2.
457 4004 482 4074 ἓ.
501 4003 611 4060 exactio
630 4003 659 4060 li.
678 4022 721 4075 po.
741 4007 771 4060 et
788 4003 863 4059 idem
888 4003 916 4058 in
940 4005 1034 4074 glossa
1053 4002 1137 4059 Woll.
1175 4019 1288 4058 1111111·

133 4096 246 4151 uerunt.
275 4091 315 4147 De
333 4093 379 4162 qb.
399 4091 576 4162 Augustinus
594 4092 629 4147 de
648 4091 724 4148 ciuit.
744 4090 796 4146 Dei
817 4091 835 4144 Ι.
855 4092 871 4145 2
890 4108 912 4145 o.
930 4093 961 4144 lt
978 4090 1048 4145 (11111
1068 4092 1096 4145 11
1115 4089 1235 4144 habetur
1253 4088 1288 4144 ds

132 4183 203 4254 orig.
223 4183 248 4238 J.
267 4182 284 4252 ἦ
302 4197 336 4237 ex
355 4181 425 4237 actis
443 4183 494 4235 eto.
515 4179 582 4236 Gok.
615 4179 638 4234 J.
660 4178 1040 4250 insumpseramus.
1076 4177 1287 4232 consueuerant.

133 4273 165 4325 vt
175 4269 297 4325 babetur
311 4269 345 4324 de
358 4269 429 4338 orig.
441 4268 501 4322 Jur.
514 4267 532 4322 l.
545 4269 562 4320 2
577 4269 606 4321 et
618 4265 686 4322 ibid.
696 4267 726 4320 in
740 4267 779 4336 gl.
793 4263 915 4320 Schmid.
933 4263 1020 4319 Wibl.
1035 4265 1085 4319 uh.
1162 4266 1179 4318 2
1197 4263 1234 4318 11.
1256 4263 1286 4318 V.

132 4375 173 4414 11.
196 4359 236 4412 16.
274 4361 303 4412 11
323 4359 357 4414 11.
376 4357 414 4411 2⁰.
433 4373 475 4411 ca.
496 4355 529 4410 16
549 4353 622 4410 Mon.
645 4356 667 4408 l.
704 4351 1075 4410 111111.1.2.1.16.8111.
1118 4353 1147 4406 11
1170 4349 1218 4404 lib.
1244 4348 1285 4406 12.

130 4463 154 4501 1
177 4446 216 4502 11.
236 4444 282 4500 Kl.
