2996 4924
781 307 823 373 36

383 483 437 550 Illi
459 483 551 548 eorde
572 481 753 548 condolenti
775 482 1026 566 compatiebatur

319 611 358 648 ⁸⁷0
384 590 429 654 Et
450 589 590 655 dolorem
612 589 712 672 ipsius
735 588 834 653 lenire
855 587 1026 652 nitebatur.

388 693 465 760 Fuit
487 695 571 759 enim
593 692 762 757 condolens
784 697 881 776 atque
902 690 1108 776 compassiva,

387 801 575 881 Misericors,
600 799 804 882 compatiens,
828 802 860 862 et
882 780 1058 864 caritativa.

386 906 552 972 (laudabat
574 927 645 968 oum
667 902 890 990 gaudentibus,
914 925 985 968 eum
1008 901 1079 968 letis
1102 901 1271 982 letabatur,

384 1011 559 1096 Flebatque
582 1029 654 1073 eum
676 1007 836 1087 flentibus,
859 1030 932 1072 eum
953 1007 1063 1072 mestis
1085 1007 1291 1082 tristabatur;

320 1135 358 1174 su
385 1117 430 1181 Et
452 1139 524 1182 eum
546 1115 783 1179 infirmantibus
806 1114 863 1180 hee
885 1113 1109 1180 infirmabatur

384 1222 519 1308 Ipsaque
542 1243 614 1286 oum
636 1221 799 1286 tribulatis
821 1220 1107 1286 contribulabatur.

384 1328 517 1393 Dolores
540 1327 617 1391 tulit
638 1326 780 1390 omnium
804 1348 859 1410 per
881 1325 1139 1410 compassionem,

384 1431 522 1497 Prebens
543 1431 594 1496 his
618 1431 767 1496 solatium
789 1453 846 1515 per
867 1429 1124 1495 consolationem.

386 1537 426 1604 Se
448 1537 569 1602 eunetis
592 1536 808 1622 indigentibus
831 1557 903 1599 eum
921 1555 995 1600 vera
1017 1533 1151 1599 caritate

319 1661 358 1699 ⁸00
385 1641 551 1722 Exhibuit,
575 1647 611 1707 ut
633 1641 747 1727 potuit,
770 1643 804 1706 in
827 1641 1021 1706 necessitate.

297 2039 400 2125 Quod
428 2040 548 2114 Maria
575 2064 641 2135 per
668 2043 808 2114 sortem
835 2041 955 2114 electe
982 2042 1040 2114 est
1067 2040 1106 2110 in
1134 2042 1313 2135 reginam.

384 2273 522 2337 Mariam
543 2275 649 2336 autern
673 2271 812 2357 virgines
835 2272 955 2357 relique
978 2273 1123 2358 reginam

386 2377 556 2462 Appellare
578 2382 817 2457 consueverunt,
841 2400 916 2442 nam
938 2382 1055 2443 sortem
1078 2399 1134 2462 per
1156 2379 1297 2444 divinam

385 2482 455 2548 Hoc
476 2503 592 2548 nornen
614 2483 676 2548 sibi
699 2482 809 2547 datum
832 2488 880 2548 est
902 2483 1003 2548 veluti
1025 2488 1164 2550 testatur

384 2588 478 2653 Liber
500 2588 533 2652 in
557 2610 620 2672 quo
643 2581 867 2672 virginis‘vita
889 2590 1085 2654 decantatur.

321 2711 359 2749 ⁸⁸⁶
386 2692 471 2758 Nam
493 2694 669 2759 sacerdotes
692 2716 787 2778 opera
810 2695 933 2761 diverse
954 2696 1179 2762 commiserunt

384 2796 539 2862 Omnibus
562 2798 749 2883 virginibus,
773 2803 805 2864 et
827 2799 891 2865 illis
914 2800 1099 2866 obtulerunt

383 2904 508 2982 binum,
531 2903 647 2983 lanam,
671 2905 814 2985 sericum,
837 2929 1010 2990 purpuram
1033 2911 1065 2971 at
1087 2906 1226 2991 byssum,

385 3009 492 3093 Atque
514 3030 640 3073 eoseum
662 3008 822 3093 fulgidum
844 3011 983 3075 tinctura
1004 3010 1053 3076 bis
1076 3011 1251 3076 inmissum.

356 3159 359 3168 ·
385 3113 474 3178 Tune
496 3132 605 3179 omnes
627 3114 681 3180 ille
704 3115 843 3200 virgines
866 3116 960 3180 simul
983 3115 1205 3201 promiserunt,

321 3237 360 3274 ⁸⁰⁰
388 3217 434 3284 Ut
456 3241 536 3303 opus
560 3219 621 3284 hoo
643 3219 819 3287 dividerent
841 3241 897 3304 per
918 3224 1047 3300 sortem,
1071 3224 1103 3284 et
1125 3219 1292 3284 dixerunt:

386 3324 445 3391 (lui
467 3325 555 3390 eedet
577 3348 718 3410 purpura
740 3347 796 3410 per
819 3329 936 3410 sortem
958 3324 1017 3390 heo
1039 3325 1184 3405 texenda,

384 3429 445 3494 Illa
467 3431 559 3495 nobis
581 3453 640 3515 pro
662 3431 773 3516 regina
795 3453 918 3516 semper
941 3436 989 3497 est
1010 3431 1166 3496 habenda.

385 3533 472 3620 Ergo
495 3539 613 3601 sortem
635 3536 719 3600 inter
741 3559 774 3600 se
797 3537 936 3622 virgines
959 3537 1114 3602 miserunt

385 3639 428 3704 Et
450 3661 507 3724 per
529 3645 647 3706 sortem
669 3663 748 3724 opus
770 3662 863 3705 sunm
884 3641 1011 3726 singule
1032 3647 1244 3727 sumpserunt.

321 3762 359 3801 ³⁰⁶
385 3743 438 3809 Illi
460 3745 571 3826 linum,
594 3745 642 3810 illi
665 3746 748 3826 lane,
771 3746 825 3811 sed
847 3746 959 3830 byssus
982 3746 1031 3810 illi
1053 3748 1166 3826 sessit3

384 3850 531 3927 Qualibet
553 3851 671 3936 recepit
693 3851 753 3916 hoe
774 3852 858 3936 quod
883 3851 944 3916 sibi
966 3873 1034 3916 sors
1056 3854 1220 3918 concessit.

385 3955 444 4020 Sed
467 3955 568 4020 Mario
592 3956 709 4040 virgini
732 3977 800 4021 sors
823 3978 895 4021 enm
916 3956 1114 4038 mittebatur,

384 4059 451 4125 Sibi
475 4061 569 4126 cessit
590 4083 741 4146 purpura,
764 4085 820 4146 per
842 4061 927 4146 quod
948 4063 1130 4128 merebatur

386 4165 551 4250 Appellari
573 4167 692 4252 iugiter
715 4169 877 4252 virginum
900 4168 1012 4257 regina

320 4291 359 4330 eoo
387 4271 439 4337 Ab
462 4273 608 4338 omnibus
631 4273 791 4338 sodalibus
814 4273 859 4338 sio
882 4277 967 4338 sorte
989 4275 1027 4338 de
1049 4274 1166 4340 divina.
