<?xml version="1.0" encoding="UTF-8"?>
<!DOCTYPE html PUBLIC "-//W3C//DTD XHTML 1.0 Transitional//EN"
    "http://www.w3.org/TR/xhtml1/DTD/xhtml1-transitional.dtd">
<html xmlns="http://www.w3.org/1999/xhtml" xml:lang="en" lang="en">
 <head>
  <title>
</title>
<meta http-equiv="Content-Type" content="text/html;charset=utf-8" />
  <meta name='ocr-system' content='tesseract 3.04.00' />
  <meta name='ocr-capabilities' content='ocr_page ocr_carea ocr_par ocr_line ocrx_word'/>
</head>
<body>
  <div class='ocr_page' id='page_1' title='image "./vitabeatevirgin01vggoog_0232.png"; bbox 0 0 3034 4922; ppageno 0'>
   <div class='ocr_carea' id='block_1_1' title="bbox 785 311 848 374">
    <p class='ocr_par' dir='ltr' id='par_1_1' title="bbox 785 311 848 374">
     <span class='ocr_line' id='line_1_1' title="bbox 785 311 848 374; baseline 0 0"><span class='ocrx_word' id='word_1_1' title='bbox 785 311 848 374; x_wconf 82' lang='lat'>224</span> 
     </span>
    </p>
   </div>
   <div class='ocr_carea' id='block_1_2' title="bbox 256 481 1302 4144">
    <p class='ocr_par' dir='ltr' id='par_1_2' title="bbox 256 481 1302 4144">
     <span class='ocr_line' id='line_1_2' title="bbox 400 481 1047 567; baseline 0.005 -20"><span class='ocrx_word' id='word_1_2' title='bbox 400 481 577 548; x_wconf 87' lang='lat' dir='ltr'>Verborum</span> <span class='ocrx_word' id='word_1_3' title='bbox 600 482 755 567; x_wconf 83' lang='lat' dir='ltr'>evangelii</span> <span class='ocrx_word' id='word_1_4' title='bbox 778 505 814 548; x_wconf 90' lang='lat' dir='ltr'>ac</span> <span class='ocrx_word' id='word_1_5' title='bbox 837 484 1047 550; x_wconf 76' lang='lat' dir='ltr'><strong>recordationi</strong></span> 
     </span>
     <span class='ocr_line' id='line_1_3' title="bbox 325 585 981 670; baseline 0.005 -18"><span class='ocrx_word' id='word_1_6' title='bbox 325 607 377 644; x_wconf 75' lang='lat' dir='ltr'>coro</span> <span class='ocrx_word' id='word_1_7' title='bbox 404 588 512 653; x_wconf 86' lang='lat' dir='ltr'>Dulcis</span> <span class='ocrx_word' id='word_1_8' title='bbox 535 588 584 652; x_wconf 90' lang='lat' dir='ltr'>sui</span> <span class='ocrx_word' id='word_1_9' title='bbox 607 587 676 667; x_wconf 91' lang='lat' dir='ltr'>filii,</span> <span class='ocrx_word' id='word_1_10' title='bbox 699 585 785 652; x_wconf 83' lang='lat' dir='ltr'>lacta</span> <span class='ocrx_word' id='word_1_11' title='bbox 807 589 981 670; x_wconf 79' lang='lat' dir='ltr'>recolendo,</span> 
     </span>
     <span class='ocr_line' id='line_1_4' title="bbox 399 691 1131 780; baseline 0.005 -24"><span class='ocrx_word' id='word_1_12' title='bbox 399 691 471 778; x_wconf 89' lang='lat' dir='ltr'>Ipse</span> <span class='ocrx_word' id='word_1_13' title='bbox 493 714 554 778; x_wconf 91' lang='lat' dir='ltr'>quc</span> <span class='ocrx_word' id='word_1_14' title='bbox 576 692 729 757; x_wconf 72' lang='lat' dir='ltr'>sustinuit</span> <span class='ocrx_word' id='word_1_15' title='bbox 750 715 808 776; x_wconf 93' lang='lat' dir='ltr'>pro</span> <span class='ocrx_word' id='word_1_16' title='bbox 831 695 950 759; x_wconf 91' lang='lat' dir='ltr'>mundo</span> <span class='ocrx_word' id='word_1_17' title='bbox 973 695 1131 780; x_wconf 85' lang='lat' dir='ltr'>patiendo,</span> 
     </span>
     <span class='ocr_line' id='line_1_5' title="bbox 401 797 1045 873; baseline 0.006 -13"><span class='ocrx_word' id='word_1_18' title='bbox 401 797 490 873; x_wconf 92' lang='lat' dir='ltr'>Quod</span> <span class='ocrx_word' id='word_1_19' title='bbox 513 797 553 862; x_wconf 90' lang='lat' dir='ltr'>ab</span> <span class='ocrx_word' id='word_1_20' title='bbox 572 798 639 862; x_wconf 92' lang='lat' dir='ltr'>eius</span> <span class='ocrx_word' id='word_1_21' title='bbox 661 801 753 862; x_wconf 89' lang='lat' dir='ltr'>utero</span> <span class='ocrx_word' id='word_1_22' title='bbox 775 797 838 863; x_wconf 90' lang='lat' dir='ltr'>fuit</span> <span class='ocrx_word' id='word_1_23' title='bbox 861 798 1045 864; x_wconf 86' lang='lat' dir='ltr'>incarnatus</span> 
     </span>
     <span class='ocr_line' id='line_1_6' title="bbox 398 901 1062 988; baseline 0.003 -21"><span class='ocrx_word' id='word_1_24' title='bbox 398 901 444 967; x_wconf 82' lang='lat' dir='ltr'>Et</span> <span class='ocrx_word' id='word_1_25' title='bbox 466 903 533 968; x_wconf 87' lang='lat' dir='ltr'>sine</span> <span class='ocrx_word' id='word_1_26' title='bbox 556 902 717 968; x_wconf 88' lang='lat' dir='ltr'>doloribus</span> <span class='ocrx_word' id='word_1_27' title='bbox 740 901 780 966; x_wconf 92' lang='lat' dir='ltr'>ab</span> <span class='ocrx_word' id='word_1_28' title='bbox 803 902 873 988; x_wconf 84' lang='lat' dir='ltr'>ipsa</span> <span class='ocrx_word' id='word_1_29' title='bbox 894 904 1062 984; x_wconf 85' lang='lat' dir='ltr'>baiolatus‚</span> 
     </span>
     <span class='ocr_line' id='line_1_7' title="bbox 399 1007 1089 1094; baseline 0 -20"><span class='ocrx_word' id='word_1_30' title='bbox 399 1009 443 1074; x_wconf 81' lang='lat' dir='ltr'>Et</span> <span class='ocrx_word' id='word_1_31' title='bbox 465 1008 505 1072; x_wconf 87' lang='lat' dir='ltr'>ab</span> <span class='ocrx_word' id='word_1_32' title='bbox 528 1009 598 1092; x_wconf 89' lang='lat' dir='ltr'>ipsa</span> <span class='ocrx_word' id='word_1_33' title='bbox 622 1007 746 1094; x_wconf 82' lang='lat' dir='ltr'>virgine</span> <span class='ocrx_word' id='word_1_34' title='bbox 769 1015 972 1092; x_wconf 78' lang='lat' dir='ltr'>permanente</span> <span class='ocrx_word' id='word_1_35' title='bbox 994 1015 1089 1075; x_wconf 87' lang='lat' dir='ltr'>natus</span> 
     </span>
     <span class='ocr_line' id='line_1_8' title="bbox 324 1113 1050 1198; baseline 0.003 -20"><span class='ocrx_word' id='word_1_36' title='bbox 324 1131 375 1170; x_wconf 71' lang='lat'>⁰⁶2⁶</span> <span class='ocrx_word' id='word_1_37' title='bbox 402 1114 446 1178; x_wconf 84' lang='lat' dir='ltr'>Et</span> <span class='ocrx_word' id='word_1_38' title='bbox 467 1113 533 1178; x_wconf 90' lang='lat' dir='ltr'>suis</span> <span class='ocrx_word' id='word_1_39' title='bbox 556 1113 706 1198; x_wconf 82' lang='lat' dir='ltr'>virgineis</span> <span class='ocrx_word' id='word_1_40' title='bbox 731 1113 881 1180; x_wconf 83' lang='lat' dir='ltr'>uberibus</span> <span class='ocrx_word' id='word_1_41' title='bbox 904 1115 1050 1192; x_wconf 81' lang='lat' dir='ltr'>lactatus,</span> 
     </span>
     <span class='ocr_line' id='line_1_9' title="bbox 400 1217 1287 1304; baseline 0.003 -21"><span class='ocrx_word' id='word_1_42' title='bbox 400 1217 542 1294; x_wconf 74' lang='lat' dir='ltr'>Qualiter</span> <span class='ocrx_word' id='word_1_43' title='bbox 565 1220 700 1304; x_wconf 80' lang='lat' dir='ltr'>triginta</span> <span class='ocrx_word' id='word_1_44' title='bbox 723 1243 826 1285; x_wconf 88' lang='lat' dir='ltr'>secum</span> <span class='ocrx_word' id='word_1_45' title='bbox 850 1221 941 1286; x_wconf 87' lang='lat' dir='ltr'>annis</span> <span class='ocrx_word' id='word_1_46' title='bbox 963 1222 1148 1286; x_wconf 73' lang='lat' dir='ltr'>morabatur</span> <span class='ocrx_word' id='word_1_47' title='bbox 1281 1233 1287 1240; x_wconf 87' lang='lat'>&#39;</span> 
     </span>
     <span class='ocr_line' id='line_1_10' title="bbox 400 1323 1050 1410; baseline 0.003 -22"><span class='ocrx_word' id='word_1_48' title='bbox 400 1323 444 1388; x_wconf 82' lang='lat' dir='ltr'>Et</span> <span class='ocrx_word' id='word_1_49' title='bbox 466 1347 523 1389; x_wconf 87' lang='lat' dir='ltr'>sua</span> <span class='ocrx_word' id='word_1_50' title='bbox 546 1323 709 1390; x_wconf 84' lang='lat' dir='ltr'>dulcedine</span> <span class='ocrx_word' id='word_1_51' title='bbox 731 1347 854 1410; x_wconf 86' lang='lat' dir='ltr'>semper</span> <span class='ocrx_word' id='word_1_52' title='bbox 876 1326 1050 1406; x_wconf 80' lang='lat' dir='ltr'>fruebatur,</span> 
     </span>
     <span class='ocr_line' id='line_1_11' title="bbox 399 1427 1088 1514; baseline 0.006 -22"><span class='ocrx_word' id='word_1_53' title='bbox 399 1427 543 1505; x_wconf 81' lang='lat' dir='ltr'>Qualiter</span> <span class='ocrx_word' id='word_1_54' title='bbox 565 1429 605 1494; x_wconf 88' lang='lat' dir='ltr'>ab</span> <span class='ocrx_word' id='word_1_55' title='bbox 628 1429 735 1514; x_wconf 87' lang='lat' dir='ltr'>impiis</span> <span class='ocrx_word' id='word_1_56' title='bbox 759 1430 886 1496; x_wconf 90' lang='lat' dir='ltr'>tandem</span> <span class='ocrx_word' id='word_1_57' title='bbox 908 1436 956 1496; x_wconf 83' lang='lat' dir='ltr'>est</span> <span class='ocrx_word' id='word_1_58' title='bbox 979 1430 1088 1498; x_wconf 90' lang='lat' dir='ltr'>Judeis</span> 
     </span>
     <span class='ocr_line' id='line_1_12' title="bbox 400 1534 1197 1619; baseline 0.003 -20"><span class='ocrx_word' id='word_1_59' title='bbox 400 1534 528 1619; x_wconf 77' lang='lat' dir='ltr'>Captus,</span> <span class='ocrx_word' id='word_1_60' title='bbox 553 1536 692 1617; x_wconf 84' lang='lat' dir='ltr'>vinctus,</span> <span class='ocrx_word' id='word_1_61' title='bbox 715 1541 747 1602; x_wconf 89' lang='lat' dir='ltr'>et</span> <span class='ocrx_word' id='word_1_62' title='bbox 770 1561 876 1603; x_wconf 87' lang='lat' dir='ltr'>amare</span> <span class='ocrx_word' id='word_1_63' title='bbox 898 1560 986 1604; x_wconf 90' lang='lat' dir='ltr'>cesus</span> <span class='ocrx_word' id='word_1_64' title='bbox 1009 1542 1058 1604; x_wconf 87' lang='lat' dir='ltr'>est</span> <span class='ocrx_word' id='word_1_65' title='bbox 1080 1537 1120 1602; x_wconf 91' lang='lat' dir='ltr'>ab</span> <span class='ocrx_word' id='word_1_66' title='bbox 1143 1537 1197 1602; x_wconf 90' lang='lat' dir='ltr'>eis.</span> 
     </span>
     <span class='ocr_line' id='line_1_13' title="bbox 326 1639 1050 1728; baseline 0.004 -23"><span class='ocrx_word' id='word_1_67' title='bbox 326 1658 377 1696; x_wconf 72' lang='lat'>⁶⁰³⁰</span> <span class='ocrx_word' id='word_1_68' title='bbox 404 1639 547 1717; x_wconf 83' lang='lat' dir='ltr'>Qualiter</span> <span class='ocrx_word' id='word_1_69' title='bbox 570 1642 608 1706; x_wconf 93' lang='lat' dir='ltr'>ad</span> <span class='ocrx_word' id='word_1_70' title='bbox 632 1646 771 1706; x_wconf 88' lang='lat' dir='ltr'>statuam</span> <span class='ocrx_word' id='word_1_71' title='bbox 792 1641 899 1707; x_wconf 90' lang='lat' dir='ltr'>fuerat</span> <span class='ocrx_word' id='word_1_72' title='bbox 922 1643 1050 1728; x_wconf 81' lang='lat' dir='ltr'>ligatus,</span> 
     </span>
     <span class='ocr_line' id='line_1_14' title="bbox 399 1745 1142 1832; baseline 0.003 -22"><span class='ocrx_word' id='word_1_73' title='bbox 399 1745 443 1810; x_wconf 79' lang='lat' dir='ltr'>Et</span> <span class='ocrx_word' id='word_1_74' title='bbox 465 1769 484 1810; x_wconf 92' lang='lat' dir='ltr'>a</span> <span class='ocrx_word' id='word_1_75' title='bbox 505 1745 610 1812; x_wconf 88' lang='lat' dir='ltr'>Pilato</span> <span class='ocrx_word' id='word_1_76' title='bbox 633 1747 755 1832; x_wconf 89' lang='lat' dir='ltr'>preside</span> <span class='ocrx_word' id='word_1_77' title='bbox 778 1752 879 1813; x_wconf 89' lang='lat' dir='ltr'>morte</span> <span class='ocrx_word' id='word_1_78' title='bbox 901 1749 1142 1826; x_wconf 87' lang='lat' dir='ltr'>condemnatus;</span> 
     </span>
     <span class='ocr_line' id='line_1_15' title="bbox 398 1848 1159 1938; baseline 0.004 -24"><span class='ocrx_word' id='word_1_79' title='bbox 398 1848 506 1935; x_wconf 85' lang='lat' dir='ltr'>Atque</span> <span class='ocrx_word' id='word_1_80' title='bbox 528 1852 696 1918; x_wconf 84' lang='lat' dir='ltr'>crucifixus</span> <span class='ocrx_word' id='word_1_81' title='bbox 718 1858 765 1918; x_wconf 92' lang='lat' dir='ltr'>est</span> <span class='ocrx_word' id='word_1_82' title='bbox 787 1857 931 1918; x_wconf 86' lang='lat' dir='ltr'>mortuus</span> <span class='ocrx_word' id='word_1_83' title='bbox 953 1858 986 1918; x_wconf 88' lang='lat' dir='ltr'>et</span> <span class='ocrx_word' id='word_1_84' title='bbox 1008 1853 1159 1938; x_wconf 80' lang='lat' dir='ltr'>sepultus,</span> 
     </span>
     <span class='ocr_line' id='line_1_16' title="bbox 397 1955 1176 2044; baseline 0.004 -25"><span class='ocrx_word' id='word_1_85' title='bbox 397 1955 488 2032; x_wconf 92' lang='lat' dir='ltr'>Quod</span> <span class='ocrx_word' id='word_1_86' title='bbox 510 1961 579 2022; x_wconf 89' lang='lat' dir='ltr'>erat</span> <span class='ocrx_word' id='word_1_87' title='bbox 597 1959 625 2022; x_wconf 92' lang='lat' dir='ltr'>ei</span> <span class='ocrx_word' id='word_1_88' title='bbox 648 1958 785 2044; x_wconf 83' lang='lat' dir='ltr'>gemitus</span> <span class='ocrx_word' id='word_1_89' title='bbox 808 1963 903 2042; x_wconf 88' lang='lat' dir='ltr'>atque</span> <span class='ocrx_word' id='word_1_90' title='bbox 925 1959 1015 2024; x_wconf 89' lang='lat' dir='ltr'>dolor</span> <span class='ocrx_word' id='word_1_91' title='bbox 1037 1958 1176 2032; x_wconf 77' lang='lat' dir='ltr'>multus3</span> 
     </span>
     <span class='ocr_line' id='line_1_17' title="bbox 399 2060 1131 2146; baseline 0.001 -20"><span class='ocrx_word' id='word_1_92' title='bbox 399 2060 443 2126; x_wconf 80' lang='lat' dir='ltr'>Et</span> <span class='ocrx_word' id='word_1_93' title='bbox 466 2063 551 2146; x_wconf 91' lang='lat' dir='ltr'>quod</span> <span class='ocrx_word' id='word_1_94' title='bbox 574 2063 623 2128; x_wconf 90' lang='lat' dir='ltr'>die</span> <span class='ocrx_word' id='word_1_95' title='bbox 646 2064 742 2130; x_wconf 82' lang='lat' dir='ltr'>tertia</span> <span class='ocrx_word' id='word_1_96' title='bbox 764 2065 802 2128; x_wconf 89' lang='lat' dir='ltr'>de</span> <span class='ocrx_word' id='word_1_97' title='bbox 825 2068 927 2128; x_wconf 89' lang='lat' dir='ltr'>morte</span> <span class='ocrx_word' id='word_1_98' title='bbox 949 2062 1131 2142; x_wconf 80' lang='lat' dir='ltr'>resurrexit,</span> 
     </span>
     <span class='ocr_line' id='line_1_18' title="bbox 320 2163 1267 2255; baseline 0.003 -26"><span class='ocrx_word' id='word_1_99' title='bbox 320 2186 372 2222; x_wconf 75' lang='lat' dir='ltr'>crae</span> <span class='ocrx_word' id='word_1_100' title='bbox 398 2163 508 2249; x_wconf 91' lang='lat' dir='ltr'>Ipsum</span> <span class='ocrx_word' id='word_1_101' title='bbox 531 2169 656 2252; x_wconf 90' lang='lat' dir='ltr'>quando</span> <span class='ocrx_word' id='word_1_102' title='bbox 680 2169 854 2234; x_wconf 87' lang='lat' dir='ltr'>redivivum</span> <span class='ocrx_word' id='word_1_103' title='bbox 877 2191 948 2234; x_wconf 92' lang='lat' dir='ltr'>cum</span> <span class='ocrx_word' id='word_1_104' title='bbox 971 2169 1089 2255; x_wconf 81' lang='lat' dir='ltr'>gaudio</span> <span class='ocrx_word' id='word_1_105' title='bbox 1112 2167 1267 2252; x_wconf 83' lang='lat' dir='ltr'>respexit3</span> 
     </span>
     <span class='ocr_line' id='line_1_19' title="bbox 399 2271 1271 2357; baseline 0.001 -22"><span class='ocrx_word' id='word_1_106' title='bbox 399 2271 443 2336; x_wconf 82' lang='lat' dir='ltr'>Et</span> <span class='ocrx_word' id='word_1_107' title='bbox 465 2275 548 2357; x_wconf 92' lang='lat' dir='ltr'>quod</span> <span class='ocrx_word' id='word_1_108' title='bbox 571 2275 711 2340; x_wconf 87' lang='lat' dir='ltr'>ascendit</span> <span class='ocrx_word' id='word_1_109' title='bbox 733 2297 838 2340; x_wconf 90' lang='lat' dir='ltr'>coram</span> <span class='ocrx_word' id='word_1_110' title='bbox 862 2297 899 2340; x_wconf 88' lang='lat' dir='ltr'>ea</span> <span class='ocrx_word' id='word_1_111' title='bbox 921 2275 1058 2340; x_wconf 89' lang='lat' dir='ltr'>celorum</span> <span class='ocrx_word' id='word_1_112' title='bbox 1081 2274 1114 2338; x_wconf 94' lang='lat' dir='ltr'>in</span> <span class='ocrx_word' id='word_1_113' title='bbox 1137 2272 1271 2338; x_wconf 89' lang='lat' dir='ltr'>sublime</span> 
     </span>
     <span class='ocr_line' id='line_1_20' title="bbox 397 2375 1156 2464; baseline 0.004 -23"><span class='ocrx_word' id='word_1_114' title='bbox 397 2375 497 2442; x_wconf 88' lang='lat' dir='ltr'>Istam</span> <span class='ocrx_word' id='word_1_115' title='bbox 520 2379 753 2444; x_wconf 85' lang='lat' dir='ltr'>meditationem</span> <span class='ocrx_word' id='word_1_116' title='bbox 779 2381 923 2464; x_wconf 88' lang='lat' dir='ltr'>implevit</span> <span class='ocrx_word' id='word_1_117' title='bbox 945 2381 1025 2446; x_wconf 91' lang='lat' dir='ltr'>hora</span> <span class='ocrx_word' id='word_1_118' title='bbox 1047 2379 1156 2464; x_wconf 90' lang='lat' dir='ltr'>prime.</span> 
     </span>
     <span class='ocr_line' id='line_1_21' title="bbox 398 2479 1103 2568; baseline 0.004 -24"><span class='ocrx_word' id='word_1_119' title='bbox 398 2479 451 2546; x_wconf 93' lang='lat' dir='ltr'>Ab</span> <span class='ocrx_word' id='word_1_120' title='bbox 474 2481 549 2548; x_wconf 91' lang='lat' dir='ltr'>hinc</span> <span class='ocrx_word' id='word_1_121' title='bbox 571 2505 669 2568; x_wconf 89' lang='lat' dir='ltr'>usque</span> <span class='ocrx_word' id='word_1_122' title='bbox 692 2483 819 2549; x_wconf 87' lang='lat' dir='ltr'>tertiam</span> <span class='ocrx_word' id='word_1_123' title='bbox 843 2483 1103 2567; x_wconf 84' lang='lat' dir='ltr'>contemplationi</span> 
     </span>
     <span class='ocr_line' id='line_1_22' title="bbox 397 2583 1013 2654; baseline 0.013 -10"><span class='ocrx_word' id='word_1_124' title='bbox 397 2583 541 2651; x_wconf 85' lang='lat' dir='ltr'>Vacabat</span> <span class='ocrx_word' id='word_1_125' title='bbox 563 2593 596 2652; x_wconf 92' lang='lat' dir='ltr'>et</span> <span class='ocrx_word' id='word_1_126' title='bbox 618 2588 779 2653; x_wconf 87' lang='lat' dir='ltr'>celestium</span> <span class='ocrx_word' id='word_1_127' title='bbox 803 2589 1013 2654; x_wconf 87' lang='lat' dir='ltr'>delectationi.</span> 
     </span>
     <span class='ocr_line' id='line_1_23' title="bbox 320 2689 1232 2778; baseline 0.002 -24"><span class='ocrx_word' id='word_1_128' title='bbox 320 2709 372 2746; x_wconf 67' lang='grc' dir='ltr'>σθω</span> <span class='ocrx_word' id='word_1_129' title='bbox 399 2689 476 2755; x_wconf 88' lang='lat' dir='ltr'>Post</span> <span class='ocrx_word' id='word_1_130' title='bbox 498 2692 559 2757; x_wconf 91' lang='lat' dir='ltr'>boc</span> <span class='ocrx_word' id='word_1_131' title='bbox 581 2715 680 2778; x_wconf 90' lang='lat' dir='ltr'>usque</span> <span class='ocrx_word' id='word_1_132' title='bbox 704 2717 820 2763; x_wconf 87' lang='lat' dir='ltr'>nonam</span> <span class='ocrx_word' id='word_1_133' title='bbox 844 2695 956 2758; x_wconf 87' lang='lat' dir='ltr'>horam</span> <span class='ocrx_word' id='word_1_134' title='bbox 979 2694 1067 2778; x_wconf 89' lang='lat' dir='ltr'>operi</span> <span class='ocrx_word' id='word_1_135' title='bbox 1091 2692 1232 2770; x_wconf 79' lang='lat' dir='ltr'>vacabat,</span> 
     </span>
     <span class='ocr_line' id='line_1_24' title="bbox 399 2795 1113 2881; baseline 0.003 -21"><span class='ocrx_word' id='word_1_136' title='bbox 399 2795 505 2881; x_wconf 84' lang='lat' dir='ltr'>Atque</span> <span class='ocrx_word' id='word_1_137' title='bbox 527 2798 592 2862; x_wconf 87' lang='lat' dir='ltr'>suis</span> <span class='ocrx_word' id='word_1_138' title='bbox 614 2800 761 2864; x_wconf 84' lang='lat' dir='ltr'>manibus</span> <span class='ocrx_word' id='word_1_139' title='bbox 784 2799 907 2864; x_wconf 90' lang='lat' dir='ltr'>intente</span> <span class='ocrx_word' id='word_1_140' title='bbox 929 2796 1113 2872; x_wconf 77' lang='lat' dir='ltr'>laborabat3</span> 
     </span>
     <span class='ocr_line' id='line_1_25' title="bbox 396 2899 1135 2990; baseline 0.001 -25"><span class='ocrx_word' id='word_1_141' title='bbox 396 2899 457 2966; x_wconf 93' lang='lat' dir='ltr'>Vel</span> <span class='ocrx_word' id='word_1_142' title='bbox 480 2925 601 2986; x_wconf 88' lang='lat' dir='ltr'>pannos</span> <span class='ocrx_word' id='word_1_143' title='bbox 623 2927 797 2990; x_wconf 90' lang='lat' dir='ltr'>purpureos</span> <span class='ocrx_word' id='word_1_144' title='bbox 821 2904 859 2969; x_wconf 94' lang='lat' dir='ltr'>de</span> <span class='ocrx_word' id='word_1_145' title='bbox 881 2903 979 2970; x_wconf 88' lang='lat' dir='ltr'>serico</span> <span class='ocrx_word' id='word_1_146' title='bbox 1005 2901 1135 2968; x_wconf 81' lang='lat' dir='ltr'>texebat</span> 
     </span>
     <span class='ocr_line' id='line_1_26' title="bbox 397 3003 1177 3088; baseline 0.005 -20"><span class='ocrx_word' id='word_1_147' title='bbox 397 3003 467 3086; x_wconf 82' lang='lat' dir='ltr'>Vel,</span> <span class='ocrx_word' id='word_1_148' title='bbox 490 3011 526 3072; x_wconf 92' lang='lat' dir='ltr'>ut</span> <span class='ocrx_word' id='word_1_149' title='bbox 549 3008 652 3074; x_wconf 92' lang='lat' dir='ltr'>solent</span> <span class='ocrx_word' id='word_1_150' title='bbox 673 3008 798 3088; x_wconf 82' lang='lat' dir='ltr'>femine,</span> <span class='ocrx_word' id='word_1_151' title='bbox 822 3031 894 3074; x_wconf 90' lang='lat' dir='ltr'>cum</span> <span class='ocrx_word' id='word_1_152' title='bbox 917 3029 975 3074; x_wconf 91' lang='lat' dir='ltr'>acu</span> <span class='ocrx_word' id='word_1_153' title='bbox 997 3006 1177 3072; x_wconf 89' lang='lat' dir='ltr'>consuebat.</span> 
     </span>
     <span class='ocr_line' id='line_1_27' title="bbox 397 3109 1254 3198; baseline 0 -24"><span class='ocrx_word' id='word_1_154' title='bbox 397 3109 479 3176; x_wconf 84' lang='lat' dir='ltr'>Nam</span> <span class='ocrx_word' id='word_1_155' title='bbox 504 3135 629 3178; x_wconf 90' lang='lat' dir='ltr'>omnem</span> <span class='ocrx_word' id='word_1_156' title='bbox 652 3119 753 3179; x_wconf 90' lang='lat' dir='ltr'>artem</span> <span class='ocrx_word' id='word_1_157' title='bbox 776 3114 962 3178; x_wconf 89' lang='lat' dir='ltr'>muliebrem</span> <span class='ocrx_word' id='word_1_158' title='bbox 985 3112 1104 3198; x_wconf 90' lang='lat' dir='ltr'>optime</span> <span class='ocrx_word' id='word_1_159' title='bbox 1126 3109 1254 3188; x_wconf 81' lang='lat' dir='ltr'>sciebat,</span> 
     </span>
     <span class='ocr_line' id='line_1_28' title="bbox 319 3215 1152 3298; baseline 0 -18"><span class='ocrx_word' id='word_1_160' title='bbox 319 3233 371 3270; x_wconf 75' lang='lat'>⁶⁸⁴⁶</span> <span class='ocrx_word' id='word_1_161' title='bbox 398 3215 446 3281; x_wconf 88' lang='lat' dir='ltr'>De</span> <span class='ocrx_word' id='word_1_162' title='bbox 467 3215 543 3296; x_wconf 85' lang='lat' dir='ltr'>lino,</span> <span class='ocrx_word' id='word_1_163' title='bbox 566 3216 650 3298; x_wconf 82' lang='lat' dir='ltr'>lano,</span> <span class='ocrx_word' id='word_1_164' title='bbox 674 3219 783 3298; x_wconf 82' lang='lat' dir='ltr'>serico,</span> <span class='ocrx_word' id='word_1_165' title='bbox 806 3219 888 3283; x_wconf 85' lang='lat' dir='ltr'>sicut</span> <span class='ocrx_word' id='word_1_166' title='bbox 910 3218 993 3282; x_wconf 85' lang='lat' dir='ltr'>hanc</span> <span class='ocrx_word' id='word_1_167' title='bbox 1014 3215 1152 3282; x_wconf 89' lang='lat' dir='ltr'>decebat.</span> 
     </span>
     <span class='ocr_line' id='line_1_29' title="bbox 396 3317 1221 3406; baseline 0.001 -23"><span class='ocrx_word' id='word_1_168' title='bbox 396 3317 457 3385; x_wconf 84' lang='lat' dir='ltr'>Sed</span> <span class='ocrx_word' id='word_1_169' title='bbox 479 3321 567 3406; x_wconf 93' lang='lat' dir='ltr'>loqui</span> <span class='ocrx_word' id='word_1_170' title='bbox 590 3321 617 3386; x_wconf 90' lang='lat' dir='ltr'>si</span> <span class='ocrx_word' id='word_1_171' title='bbox 640 3325 803 3406; x_wconf 89' lang='lat' dir='ltr'>opportuit</span> <span class='ocrx_word' id='word_1_172' title='bbox 827 3323 876 3387; x_wconf 89' lang='lat' dir='ltr'>vel</span> <span class='ocrx_word' id='word_1_173' title='bbox 898 3323 1011 3406; x_wconf 92' lang='lat' dir='ltr'>cuique</span> <span class='ocrx_word' id='word_1_174' title='bbox 1034 3320 1221 3404; x_wconf 87' lang='lat' dir='ltr'>respondere</span> 
     </span>
     <span class='ocr_line' id='line_1_30' title="bbox 396 3423 1055 3510; baseline 0 -20"><span class='ocrx_word' id='word_1_175' title='bbox 396 3423 433 3490; x_wconf 94' lang='lat' dir='ltr'>In</span> <span class='ocrx_word' id='word_1_176' title='bbox 456 3426 516 3490; x_wconf 88' lang='lat' dir='ltr'>hac</span> <span class='ocrx_word' id='word_1_177' title='bbox 538 3427 618 3494; x_wconf 94' lang='lat' dir='ltr'>hora</span> <span class='ocrx_word' id='word_1_178' title='bbox 641 3427 748 3494; x_wconf 91' lang='lat' dir='ltr'>debita</span> <span class='ocrx_word' id='word_1_179' title='bbox 769 3427 892 3492; x_wconf 87' lang='lat' dir='ltr'>&#39;studuit</span> <span class='ocrx_word' id='word_1_180' title='bbox 914 3425 1055 3510; x_wconf 85' lang='lat' dir='ltr'>implere.</span> 
     </span>
     <span class='ocr_line' id='line_1_31' title="bbox 397 3529 1242 3618; baseline -0.004 -23"><span class='ocrx_word' id='word_1_181' title='bbox 397 3531 447 3596; x_wconf 93' lang='lat' dir='ltr'>Ad</span> <span class='ocrx_word' id='word_1_182' title='bbox 470 3533 625 3618; x_wconf 91' lang='lat' dir='ltr'>templum</span> <span class='ocrx_word' id='word_1_183' title='bbox 646 3532 715 3598; x_wconf 85' lang='lat' dir='ltr'>ibat</span> <span class='ocrx_word' id='word_1_184' title='bbox 737 3533 771 3596; x_wconf 91' lang='lat' dir='ltr'>in</span> <span class='ocrx_word' id='word_1_185' title='bbox 794 3532 854 3597; x_wconf 86' lang='lat' dir='ltr'>hac</span> <span class='ocrx_word' id='word_1_186' title='bbox 875 3532 964 3612; x_wconf 80' lang='lat' dir='ltr'>hora,</span> <span class='ocrx_word' id='word_1_187' title='bbox 986 3531 1016 3595; x_wconf 92' lang='lat' dir='ltr'>si</span> <span class='ocrx_word' id='word_1_188' title='bbox 1039 3530 1166 3595; x_wconf 87' lang='lat' dir='ltr'>volebat</span> <span class='ocrx_word' id='word_1_189' title='bbox 1187 3529 1242 3606; x_wconf 82' lang='lat' dir='ltr'>ire,</span> 
     </span>
     <span class='ocr_line' id='line_1_32' title="bbox 397 3634 1168 3724; baseline -0.003 -23"><span class='ocrx_word' id='word_1_190' title='bbox 397 3634 444 3702; x_wconf 90' lang='lat' dir='ltr'>Ut</span> <span class='ocrx_word' id='word_1_191' title='bbox 465 3637 510 3702; x_wconf 92' lang='lat' dir='ltr'>ibi</span> <span class='ocrx_word' id='word_1_192' title='bbox 534 3661 659 3724; x_wconf 90' lang='lat' dir='ltr'>quoque</span> <span class='ocrx_word' id='word_1_193' title='bbox 681 3639 731 3702; x_wconf 91' lang='lat' dir='ltr'>dei</span> <span class='ocrx_word' id='word_1_194' title='bbox 754 3637 861 3702; x_wconf 83' lang='lat' dir='ltr'>laudes</span> <span class='ocrx_word' id='word_1_195' title='bbox 885 3640 991 3721; x_wconf 88' lang='lat' dir='ltr'>posset</span> <span class='ocrx_word' id='word_1_196' title='bbox 1013 3635 1168 3720; x_wconf 86' lang='lat' dir='ltr'>expedire.</span> 
     </span>
     <span class='ocr_line' id='line_1_33' title="bbox 318 3740 1048 3826; baseline 0.001 -21"><span class='ocrx_word' id='word_1_197' title='bbox 318 3759 369 3796; x_wconf 64' lang='grc' dir='ltr'>θεοῦ</span> <span class='ocrx_word' id='word_1_198' title='bbox 397 3741 427 3805; x_wconf 85' lang='lat' dir='ltr'><strong>A</strong></span> <span class='ocrx_word' id='word_1_199' title='bbox 449 3743 542 3807; x_wconf 93' lang='lat' dir='ltr'>domo</span> <span class='ocrx_word' id='word_1_200' title='bbox 565 3747 671 3808; x_wconf 87' lang='lat' dir='ltr'>tamen</span> <span class='ocrx_word' id='word_1_201' title='bbox 693 3743 796 3806; x_wconf 88' lang='lat' dir='ltr'>rarius</span> <span class='ocrx_word' id='word_1_202' title='bbox 819 3740 1048 3826; x_wconf 82' lang='lat' dir='ltr'>egrediebatur,</span> 
     </span>
     <span class='ocr_line' id='line_1_34' title="bbox 396 3845 1302 3932; baseline -0.002 -22"><span class='ocrx_word' id='word_1_203' title='bbox 396 3845 569 3932; x_wconf 90' lang='lat' dir='ltr'>Nunquam</span> <span class='ocrx_word' id='word_1_204' title='bbox 592 3849 661 3932; x_wconf 90' lang='lat' dir='ltr'>ipsa</span> <span class='ocrx_word' id='word_1_205' title='bbox 682 3870 736 3932; x_wconf 87' lang='lat' dir='ltr'>per</span> <span class='ocrx_word' id='word_1_206' title='bbox 759 3847 880 3932; x_wconf 88' lang='lat' dir='ltr'>plateas</span> <span class='ocrx_word' id='word_1_207' title='bbox 903 3847 953 3911; x_wconf 84' lang='lat' dir='ltr'>vel</span> <span class='ocrx_word' id='word_1_208' title='bbox 975 3847 1084 3912; x_wconf 90' lang='lat' dir='ltr'>domos</span> <span class='ocrx_word' id='word_1_209' title='bbox 1107 3846 1302 3930; x_wconf 78' lang='lat' dir='ltr'>vagabatur3</span> 
     </span>
     <span class='ocr_line' id='line_1_35' title="bbox 256 3949 1249 4042; baseline -0.003 -26"><span class='ocrx_word' id='word_1_210' title='bbox 256 4027 262 4042; x_wconf 44' lang='lat'><strong>·</strong></span> <span class='ocrx_word' id='word_1_211' title='bbox 399 3949 458 4016; x_wconf 85' lang='lat' dir='ltr'>Sed</span> <span class='ocrx_word' id='word_1_212' title='bbox 482 3954 527 4016; x_wconf 91' lang='lat' dir='ltr'>ire</span> <span class='ocrx_word' id='word_1_213' title='bbox 551 3975 622 4018; x_wconf 92' lang='lat' dir='ltr'>cum</span> <span class='ocrx_word' id='word_1_214' title='bbox 645 3953 810 4037; x_wconf 90' lang='lat' dir='ltr'>opportuit</span> <span class='ocrx_word' id='word_1_215' title='bbox 832 3953 871 4016; x_wconf 89' lang='lat' dir='ltr'>ad</span> <span class='ocrx_word' id='word_1_216' title='bbox 894 3951 1047 4036; x_wconf 86' lang='lat' dir='ltr'>templum</span> <span class='ocrx_word' id='word_1_217' title='bbox 1071 3950 1249 4015; x_wconf 83' lang='lat' dir='ltr'>Salomonis</span> 
     </span>
     <span class='ocr_line' id='line_1_36' title="bbox 396 4055 1113 4144; baseline 0.001 -25"><span class='ocrx_word' id='word_1_218' title='bbox 396 4055 498 4120; x_wconf 83' lang='lat' dir='ltr'>Causa</span> <span class='ocrx_word' id='word_1_219' title='bbox 521 4057 600 4144; x_wconf 80' lang='lat' dir='ltr'>legis</span> <span class='ocrx_word' id='word_1_220' title='bbox 623 4062 853 4142; x_wconf 83' lang='lat' dir='ltr'>preceptorum,</span> <span class='ocrx_word' id='word_1_221' title='bbox 878 4057 926 4121; x_wconf 87' lang='lat' dir='ltr'>vel</span> <span class='ocrx_word' id='word_1_222' title='bbox 950 4055 1113 4134; x_wconf 82' lang='lat' dir='ltr'>orationis,</span> 
     </span>
    </p>
   </div>
   <div class='ocr_carea' id='block_1_3' title="bbox 396 4160 1132 4328">
    <p class='ocr_par' dir='ltr' id='par_1_3' title="bbox 396 4160 1132 4328">
     <span class='ocr_line' id='line_1_37' title="bbox 396 4160 1132 4248; baseline -0.001 -23"><span class='ocrx_word' id='word_1_223' title='bbox 396 4160 456 4226; x_wconf 91' lang='lat' dir='ltr'>Per</span> <span class='ocrx_word' id='word_1_224' title='bbox 479 4163 563 4227; x_wconf 87' lang='lat' dir='ltr'>viam</span> <span class='ocrx_word' id='word_1_225' title='bbox 586 4163 655 4227; x_wconf 86' lang='lat' dir='ltr'>ibat</span> <span class='ocrx_word' id='word_1_226' title='bbox 677 4164 779 4248; x_wconf 91' lang='lat' dir='ltr'>capite</span> <span class='ocrx_word' id='word_1_227' title='bbox 802 4165 947 4228; x_wconf 91' lang='lat' dir='ltr'>decenter</span> <span class='ocrx_word' id='word_1_228' title='bbox 969 4161 1132 4240; x_wconf 85' lang='lat' dir='ltr'>inclinato,</span> 
     </span>
     <span class='ocr_line' id='line_1_38' title="bbox 805 4290 822 4328; baseline 0 0"><span class='ocrx_word' id='word_1_229' title='bbox 805 4290 822 4328; x_wconf 70' lang='lat' dir='ltr'>’l‘</span> 
     </span>
    </p>
   </div>
   <div class='ocr_carea' id='block_1_4' title="bbox 309 4387 841 4444">
    <p class='ocr_par' dir='ltr' id='par_1_4' title="bbox 309 4387 841 4444">
     <span class='ocr_line' id='line_1_39' title="bbox 309 4387 841 4444; baseline -0.004 0"><span class='ocrx_word' id='word_1_230' title='bbox 309 4389 377 4444; x_wconf 78' lang='lat'>6635</span> <span class='ocrx_word' id='word_1_231' title='bbox 397 4387 420 4442; x_wconf 87' lang='lat' dir='ltr'>G</span> <span class='ocrx_word' id='word_1_232' title='bbox 439 4387 566 4442; x_wconf 84' lang='lat' dir='ltr'>divinum</span> <span class='ocrx_word' id='word_1_233' title='bbox 584 4391 657 4444; x_wconf 82' lang='lat' dir='ltr'>statt</span> <span class='ocrx_word' id='word_1_234' title='bbox 675 4387 841 4444; x_wconf 85' lang='lat' dir='ltr'>redivivum.</span> 
     </span>
    </p>
   </div>
   <div class='ocr_carea' id='block_1_5' title="bbox 0 0 1524 4922">
    <p class='ocr_par' dir='ltr' id='par_1_5' title="bbox 0 0 1524 4922">
     <span class='ocr_line' id='line_1_40' title="bbox 0 0 1524 4922; baseline 0 0"><span class='ocrx_word' id='word_1_235' title='bbox 0 0 1524 4922; x_wconf 95' lang='lat' dir='ltr'> </span> 
     </span>
    </p>
   </div>
  </div>
 </body>
</html>
