3034 4922
625 343 628 350 .
686 301 750 368 229

214 511 221 522 ·
299 473 346 540 Ao
367 476 467 561 ipsius
490 477 630 542 animam
652 477 690 541 ad
715 499 827 562 corpus
852 498 1007 542 revocare.

296 579 398 647 Maria
421 581 496 667 quia
518 605 641 667 semper
663 605 730 648 esse
752 584 945 668 compatiens
968 583 1099 662 solebat,

294 687 449 772 Benigne,
472 687 569 766 mitis,
592 688 745 754 miserans
767 689 845 773 ipsis
868 687 1064 768 condolebat,

295 791 345 857 Ad
367 793 513 858 defuncte
535 793 651 858 femine
673 795 894 878 corpusculum
916 793 1067 878 porrexit,

216 915 265 956 ⁰⁷⁹⁶
291 895 507 986 Invooansque
529 896 639 966 Jesum
661 897 728 966 eius
751 899 856 966 vivam
878 898 961 964 banc
984 897 1093 964 erexit

253 1217 357 1304 Quod
384 1217 504 1290 Maria
532 1217 695 1292 diversas
724 1217 963 1292 infirmitates
991 1219 1149 1292 curavit.

289 1425 325 1491 ln
348 1426 480 1492 diversis
502 1425 644 1491 febribus
667 1427 722 1511 qui
744 1425 871 1491 fuerant
892 1429 1028 1513 gravati,

288 1531 349 1597 Per
370 1531 506 1596 Mariam
528 1531 667 1596 restituti
689 1535 764 1596 sunt
784 1553 891 1597 omnes
915 1534 1056 1602 sanitati.

288 1635 458 1702 Oculorum
481 1635 601 1701 lumine
624 1636 678 1721 qui
701 1635 830 1700 fuerant
852 1636 978 1720 privati,

287 1741 347 1807 Per
368 1741 504 1806 Mariam
526 1741 603 1807 Jesu
626 1745 760 1808 matrem
782 1745 857 1806 sunt
878 1743 1059 1809 illuminati.

213 1865 262 1904 uso
287 1845 331 1911 Et
353 1846 408 1932 qui
430 1847 517 1911 surdi
539 1845 668 1911 fuerent
690 1846 819 1911 auribus
842 1846 973 1927 obtusis,

284 1953 345 2018 Per
367 1951 503 2017 Mariam
525 1956 600 2017 sunt
622 1952 723 2016 curati
745 1952 875 2016 vocibus
897 1950 1027 2032 refusis3

284 2057 327 2123 llt
350 2057 405 2143 qui
427 2057 538 2143 lingua
559 2060 729 2122 caruerunt
750 2056 940 2142 fuerantque
961 2060 1052 2139 muti,

284 2162 438 2229 claustris
460 2163 570 2248 lingue
592 2163 737 2228 reseretis
760 2184 817 2246 per
839 2163 941 2247 ipsam
964 2165 1039 2226 sunt
1061 2161 1168 2226 locuti.

284 2268 443 2334 caducum
465 2268 610 2333 morbum
633 2268 788 2352 patientes
811 2271 844 2333 et
866 2267 1058 2352 epilepsiam,

209 2393 257 2432 ⁸⁸⁰⁶
283 2373 481 2460 Receperunt
503 2374 672 2440 sanitatem
694 2397 749 2459 per
771 2374 928 2460 virginem
952 2373 1098 2438 Mariam.

283 2479 332 2545 Ad
354 2480 518 2564 ipsamque
539 2479 683 2544 frenetici
705 2483 860 2545 venerunt
882 2484 913 2544 et
936 2479 1051 2558 insani,

280 2583 339 2661 Qui
362 2585 531 2669 resumptis
554 2585 696 2650 sensibus
719 2589 794 2650 sunt
817 2585 932 2650 reversi
956 2584 1034 2649 sani.

280 2687 323 2753 Et
344 2711 400 2773 per
422 2711 490 2754 eam
514 2689 644 2774 plurimi
666 2690 782 2775 leprosi
805 2695 880 2755 sunt
902 2689 1014 2768 curati,

276 2793 337 2871 Qui
359 2793 462 2860 solum
484 2795 523 2860 ad
545 2795 697 2860 intuitum
720 2797 786 2862 eius
809 2801 885 2861 sunt
907 2793 1071 2872 mundati;

204 2917 252 2956 ⁶⁸10
278 2899 418 2976 Quorum
439 2922 478 2965 ex
500 2900 663 2986 hydropisi
685 2923 798 2985 corpus
821 2903 915 2986 atque
937 2900 1018 2965 cutis

277 3003 432 3071 Tumebat
454 3027 510 3091 per
530 3005 613 3071 bunc
636 3011 821 3092 receperunt
843 3006 1015 3072 remedium
1038 3002 1159 3069 salutis.

275 3107 415 3185 Quorum
438 3131 475 3174 ex
498 3110 637 3198 paralysi
658 3111 786 3176 fuerant
807 3113 969 3176 contracta

274 3211 426 3294 Membra,
449 3213 499 3279 vel
521 3219 680 3295 aruerant,
702 3237 776 3280 mox
798 3220 874 3280 sunt
896 3235 974 3279 sana
996 3213 1089 3277 lacta.

139 3341 144 3356 =
276 3315 333 3382 Per
354 3316 490 3382 Mariam
513 3319 669 3405 virginem
692 3321 795 3385 claudi
818 3324 893 3384 sunt
915 3318 1021 3396 erecti,

200 3437 248 3476 ⁶⁸1⁵
274 3419 417 3502 musici,
441 3423 604 3510 podagrici
627 3427 695 3490 sani
719 3430 794 3492 sunt
816 3425 941 3492 effecti,

272 3525 331 3602 Qui
354 3528 480 3594 defluxu
502 3531 667 3616 sanguinis
691 3531 744 3596 diu
767 3532 975 3608 uexabantur,

271 3629 439 3700 Venientes
461 3635 501 3700 ad
523 3635 657 3724 Mariam
681 3659 736 3722 per
759 3660 828 3703 eam
852 3635 1053 3702 curabantur.

270 3736 432 3824 Quotquot
453 3762 529 3806 vero
551 3747 765 3808 convenerunt
786 3765 841 3828 per
863 3743 965 3827 ipsum
988 3741 1063 3803 sunt
1085 3735 1187 3802 curati

269 3839 375 3922 Curvi,
397 3843 511 3924 claudi,
534 3846 662 3928 debiles,
686 3852 782 3933 atque
803 3848 867 3914 ceci
889 3846 966 3912 nati.

197 3961 244 3999 ⁸⁸⁵⁰
268 3945 405 4031 Leprosi,
428 3951 604 4036 paralytici,
628 3954 792 4034 contracti,
815 3953 912 4031 surdi,
936 3949 1027 4028 muti,

268 4049 437 4118 'lumentes
459 4075 498 4119 ex
519 4053 683 4140 hydropisi
705 4063 781 4122 sunt
803 4057 917 4122 redditi
939 4053 1044 4120 saluti.

267 4154 314 4219 Ex
336 4157 484 4242 omnique
506 4161 669 4244 provincia
690 4162 785 4228 multi
808 4164 967 4228 venientes

266 4255 409 4326 Infirmos
432 4285 505 4328 suos
528 4264 567 4329 ad
590 4265 725 4332 Mariam
748 4268 905 4334 duxerunt
927 4271 959 4333 et
982 4261 1179 4347 languentes,

268 4365 327 4446 Qui
349 4389 404 4452 per
426 4368 492 4438 eius
514 4371 652 4460 gratiam
675 4373 780 4440 cuncti
803 4372 996 4440 curabantur
