3080 4938
811 347 853 416 50

255 531 430 606 desursum,
454 527 660 614 singulariter
683 530 790 592 tamen
806 525 936 606 ferrum,
961 526 1138 612 peripsum
1159 509 1258 591 etiam
1270 523 1406 591 remittit

255 635 326 699 aliis
349 634 498 720 gentibus
530 655 596 698 sua.
642 631 775 698 Blauius
808 655 882 697 vero
913 632 994 696 nihil
1025 633 1163 718 navigiis
1195 631 1319 696 inducit
1349 651 1405 694 nec

255 741 400 820 abducit,
431 741 485 805 sed
513 763 569 822 per
599 761 632 804 se
661 739 765 823 ipsum
794 738 965 822 plurimam
998 739 1133 802 salutem
1156 737 1279 801 civitati
1302 735 1402 812 affert,

254 845 323 910 ideo
346 867 409 910 non
434 845 474 909 ab
497 848 587 909 extra
620 844 782 909 civitatem
805 845 941 922 transit,
972 844 1026 908 sed
1047 847 1158 908 contra
1183 864 1252 907 earn
1275 859 1402 906 currens

254 951 433 1035 ingreditur
455 955 608 1034 tanquam
624 949 814 1012 domesticus
831 955 863 1012 et
879 952 991 1032 potens
1007 949 1094 1024 civis,
1118 947 1219 1031 ipsam
1241 947 1400 1010 civitatem

253 1056 357 1134 alluit,
380 1056 488 1120 'sordes
512 1055 659 1133 abducit,
683 1055 819 1118 farinam
843 1055 948 1132 molit,
978 1054 1064 1118 vicos
1092 1072 1200 1117 omnes
1224 1051 1316 1136 aquis
1338 1053 1401 1116 suis
1525 1051 1528 1074 ²

254 1159 321 1237 alit,
339 1162 371 1222 et
382 1179 544 1242 nunquam
561 1159 601 1222 ad
610 1162 805 1222 momentum
818 1159 948 1222 servitia
963 1180 1020 1222 sua
1034 1156 1231 1236 intermittit,
1248 1156 1401 1221 neoniam

253 1268 309 1328 aut
330 1263 491 1348 gurgitem
517 1262 614 1326 alium
637 1262 739 1326 facere
761 1263 893 1346 poterit,
923 1263 985 1326 nisi
1016 1285 1073 1346 per
1104 1262 1240 1328 mediam
1263 1259 1400 1327 Ulmam.

252 1367 326 1432 Non
349 1369 394 1432 sic
417 1367 593 1444 Danubius,
616 1367 671 1450 qui
695 1371 731 1430 ut
746 1367 862 1431 dicitnr
878 1390 898 1430 a
913 1369 1042 1432 civitate
1058 1368 1160 1432 averti
1174 1368 1303 1451 poterit,
1328 1369 1400 1433 licet

251 1472 354 1536 multo
377 1470 494 1536 labore.
519 1457 679 1555 quondam
701 1470 786 1534 eninr
809 1471 937 1555 quidam
954 1472 1018 1536 dux
1037 1472 1233 1536 Bavarorum
1255 1472 1400 1538 iuimicus

252 1577 452 1642 Ulmensium
484 1575 726 1654 consiliabatur,
760 1598 822 1660 quo
851 1577 883 1641 in
916 1577 985 1642 loco
1018 1582 1125 1661 posset
1155 1576 1315 1662 Hylarum
1346 1600 1401 1662 per

252 1683 350 1746 alium
373 1681 534 1767 gurgitem
558 1683 715 1758 avertere,
739 1703 778 1744 ne
800 1679 948 1745 Danubio
971 1681 1168 1766 iungeretur,
1192 1683 1294 1748 sciens
1317 1683 1398 1767 quod

252 1787 418 1852 Danubius
441 1787 508 1852 sine
531 1785 653 1870 Hylam
676 1787 799 1851 inutilis
815 1785 1021 1852 Ulmensibus
1044 1792 1136 1866 esset,
1160 1789 1214 1852 sed
1231 1788 1269 1852 de
1287 1787 1398 1853 Blauio

252 1893 422 1958 avertendo
435 1891 594 1956 consiliari
611 1913 674 1955 uon
687 1895 804 1974 potest,
820 1913 892 1956 cum
903 1891 945 1956 sit
960 1891 1156 1976 impossibile
1168 1891 1246 1956 fieri.
1282 1891 1400 1968 Quam-

252 1999 299 2063 vis
322 2003 429 2063 autem
451 1999 518 2080 ipse
542 1996 673 2060 Blauius
697 2001 734 2060 ut
763 1997 840 2060 civis
864 2001 896 2061 et
919 1997 1038 2060 amicus
1061 2019 1184 2080 semper
1216 1998 1295 2062 assit
1318 1999 1398 2078 urbi,

251 2103 421 2168 tamenab
454 2103 523 2185 ipsa
552 2123 609 2165 sua
639 2102 799 2186 genetrice
828 2101 969 2186 nympha
997 2103 1158 2167 interdum
1187 2103 1399 2188 importunius

251 2207 418 2282 evomitur,
443 2211 475 2270 et
498 2212 574 2270 tuno
597 2206 808 2272 intumescens
831 2207 922 2291 quasi
945 2208 1056 2286 iratus,
1080 2206 1190 2272 furens
1213 2214 1245 2273 et
1267 2211 1399 2275 saeviens

180 2369 198 2392 m
211 2362 239 2392 „¹
252 2315 363 2377 contra
377 2312 549 2389 civitatem,
566 2333 630 2376 nou
647 2317 683 2375 ut
698 2312 775 2376 civis
791 2316 823 2376 et
838 2313 1036 2392 domesticus,
1060 2315 1114 2379 sed
1130 2319 1167 2378 ut
1188 2315 1290 2380 hostis
1306 2316 1399 2382 terri·

249 2419 424 2482 bilissimus
453 2417 566 2496 irruit,
601 2421 633 2481 et
664 2418 848 2482 turbulento
880 2418 1011 2483 fremitu
1043 2419 1164 2503 rumpit
1196 2425 1229 2484 ct
1257 2419 1399 2486 devastat

250 2545 321 2607 quae
343 2522 475 2601 invenit,
498 2526 530 2586 et
552 2522 660 2586 omnia
682 2527 811 2606 repente
827 2524 936 2607 replet.
961 2525 1044 2588 unde
1060 2546 1145 2588 anno
1160 2525 1291 2588 Domini
1316 2526 1395 2590 1461

249 2629 284 2692 in
306 2627 549 2712 quadragesima
571 2628 678 2692 subito
701 2629 855 2694 intumuit
877 2634 909 2693 et
931 2629 1132 2712 rapidissimo
1162 2651 1256 2693 cursu
1288 2635 1399 2695 contra

250 2734 411 2798 civitatem
434 2733 467 2796 iu
491 2755 598 2796 muros
622 2734 727 2813 irruit,
751 2756 816 2798 non
839 2737 1006 2797 contentus
1029 2733 1184 2812 faucibus,
1208 2734 1295 2817 ipsos
1311 2757 1398 2800 euer-

249 2843 316 2904 tere
338 2839 513 2903 conabatur
535 2843 567 2902 et
590 2840 628 2905 de
650 2839 735 2904 facto
758 2838 956 2916 invalidavit,
981 2843 1012 2904 et
1034 2838 1067 2902 in
1085 2838 1248 2904 civitatem
1272 2840 1399 2905 veniens

249 2949 336 3010 rotas
352 2943 494 3008 omnium
510 2943 764 3008 molendinarum
780 2943 947 3022 destruxit,
964 2949 996 3006 et
1010 2942 1170 3008 fullonum
1181 2967 1217 3008 ac
1229 2945 1398 3010 cerdonum

248 3072 285 3114 ac
315 3049 451 3114 aliorum
480 3049 563 3113 circa
596 3071 693 3133 aquas
722 3049 939 3112 laborantium
967 3071 1094 3113 scamna
1124 3055 1157 3114 et
1185 3049 1398 3116 instrumenta

248 3154 404 3232 dissoluit,
428 3159 460 3218 et
485 3153 551 3217 12ι
574 3155 685 3218 domus
709 3177 728 3216 a
751 3153 957 3218 fundamento
980 3177 1091 3218 eruens
1112 3159 1145 3218 et
1161 3177 1269 3220 omues
1286 3161 1398 3241 pontes

248 3259 341 3342 quasi
364 3259 562 3342 depraedator
585 3263 616 3322 et
639 3259 786 3323 effractor
809 3260 1045 3324 crudelissimus
1068 3260 1105 3323 de
1128 3259 1258 3326 civitate
1278 3262 1397 3338 eduxit,

248 3363 350 3446 spolia
372 3363 528 3428 ditissima
556 3363 588 3426 iu
620 3363 718 3447 lignis
744 3363 874 3428 Bavaris
906 3369 938 3429 et
962 3363 1165 3428 Australibus
1196 3365 1330 3429 afferens
1360 3389 1397 3430 ex

150 3471 236 3553 ,mg-,¹
250 3465 346 3531 Ulma
368 3470 475 3550 rapta,
499 3467 580 3530 unde
602 3467 636 3530 in
661 3467 753 3532 unius
777 3469 863 3532 borae
885 3469 989 3552 spatio
1014 3467 1098 3532 ultra
1124 3469 1276 3534 remilia
1305 3470 1399 3535 flore-

248 3594 362 3636 norum
385 3575 574 3636 nocumeutu
589 3571 723 3636 ulmensi
746 3574 870 3637 civitati
891 3573 1011 3638 intulit.
1058 3575 1107 3638 Ex
1124 3596 1160 3638 co
1188 3579 1295 3640 autem
1318 3581 1399 3641 tem·

248 3699 323 3760 pore
339 3676 571 3760 ampliaverunt
594 3675 761 3742 Ulmenses
776 3677 883 3742 fauces
899 3678 1050 3758 fluminis,
1074 3684 1111 3743 ut
1125 3679 1170 3744 sic
1188 3683 1317 3746 veniens
1333 3703 1398 3747 uon

246 3785 337 3865 petat
359 3803 484 3844 murum
500 3785 648 3848 evertere.
696 3781 757 3846 Sed
773 3787 806 3847 et
821 3783 962 3867 Hylarus
978 3785 1168 3868 quandoque
1184 3785 1222 3849 de
1236 3788 1399 3852 montania

246 3886 336 3970 quasi
360 3885 477 3949 saltum
500 3888 585 3970 capit
613 3892 645 3951 et
674 3889 939 3972 impetuosissime
962 3888 1111 3954 Danubio
1141 3890 1267 3956 iunctus
1298 3895 1400 3958 muris

245 3991 357 4068 insilit,
380 3994 464 4054 rates
487 3991 642 4071 dissolvit,
666 3997 779 4076 pontes
803 3994 944 4058 concutit
967 3997 999 4058 et
1021 3994 1160 4072 abducit,
1185 4000 1217 4060 et
1232 3997 1395 4063 civitatem

246 4095 408 4160 turbatam
425 4095 537 4160 reddit.
571 4095 725 4162 Similiter
736 4103 767 4163 et
780 4098 945 4164 Danubius
961 4100 1144 4165 turbinibus
1160 4107 1272 4167 auctus
1289 4104 1399 4168 omnia

247 4222 319 4286 quae
342 4203 450 4287 tangit
472 4203 596 4284 evertit,
620 4207 652 4270 et
674 4227 772 4269 novos
789 4207 933 4290 gurgites
948 4227 1005 4290 per
1020 4227 1114 4290 agros
1130 4206 1240 4271 hortos
1258 4212 1290 4272 et
1304 4213 1400 4293 prata

811 4339 829 4377 a

319 4435 430 4491 lXVIl
449 4435 568 4492 Goldast
586 4439 627 4493 ut.
664 4437 716 4492 Xll
737 4439 809 4495 Mon.
830 4441 853 4494 1.
882 4436 981 4493 Schad.
1014 4439 1158 4495 duodecim
1177 4438 1220 4494 ΚΙ.
1260 4441 1291 4495 12
1310 4441 1398 4496 Wibl.
