3034 4922
803 385 866 450 228
990 399 995 407 '

418 557 480 636 Qui
502 559 564 624 sibi
585 557 649 623 fuit
672 559 782 624 unicus
806 563 900 643 alque
923 558 1086 643 petillius

419 663 664 730 sustentabatur
686 663 746 728 filii
767 663 908 748 genitrix
929 664 1089 742 laborem3

418 767 510 834 Unde
531 769 592 834 sibi
614 768 732 833 fecerat
754 790 838 832 mors
861 767 1018 852 duplicem
1040 768 1197 846 dolorem;

417 871 503 938 Nam
525 874 628 938 filium
651 873 830 958 perdiderat
852 873 941 956 pium
963 876 995 938 et
1017 872 1175 952 dilectum,

340 993 391 1032 ⁶⁷⁶⁶
418 976 490 1043 Pati
513 1001 637 1063 quoque
658 979 831 1064 cogebatur
854 980 955 1043 victus
977 979 1041 1043 iam
1064 977 1229 1043 defectum.

416 1082 556 1170 Rogavit
578 1107 654 1171 ergo
676 1084 821 1163 Mariam,
845 1089 881 1149 ut
903 1085 1105 1150 misereretur

415 1188 493 1255 Eius
517 1194 612 1274 atque
634 1190 785 1255 suscitare
807 1212 900 1254 suum
922 1190 1108 1276 dignaretur

414 1292 541 1360 Filium.
587 1293 720 1360 Miserts
741 1293 791 1358 sui
813 1292 916 1357 Maria
939 1293 1132 1372 lacrimatur,

414 1397 459 1462 Et
481 1397 585 1463 verbis
608 1398 843 1484 benignissimis
866 1399 967 1482 ipsam
990 1398 1181 1477 consolatur,

336 1520 387 1558 ⁶⁷⁷⁰
413 1501 461 1568 Ut
482 1501 592 1568 Jesnm
614 1525 707 1568 suum
729 1502 831 1568 filium
853 1504 987 1583 invocet,
1010 1503 1177 1581 hortatum

412 1604 532 1673 Orante
553 1630 679 1693 quoque
700 1606 803 1672 Maria
825 1606 992 1674 defunctus
1015 1608 1195 1674 suscitatur.

361 1921 465 2006 Quod
486 1923 606 1997 Maria
634 1924 832 1998 suscitavit
858 1924 1041 2019 virginem
1068 1921 1295 1996 defunctam.

413 2130 548 2207 Quidam
571 2153 610 2196 ex
631 2130 776 2196 fidelibus
799 2129 909 2196 Simon
931 2130 1119 2214 appellatus,

413 2234 597 2321 Discipulus
620 2235 845 2320 apostolorum,
869 2235 909 2300 ab
930 2235 1043 2319 hisque
1067 2234 1254 2319 baptizatis,

409 2337 582 2424 Innuptam
604 2340 706 2406 adhuc
728 2341 885 2425 virginem
907 2340 1006 2404 filiam
1027 2339 1167 2404 babebat

333 2462 384 2500 uu
411 2441 556 2524 Unicam,
579 2467 640 2528 que
662 2444 770 2509 subita
791 2449 893 2509 morte
915 2444 1091 2509 decedebat.

409 2547 546 2614 Mortem
568 2571 645 2635 ergo
668 2549 734 2614 filie
756 2550 900 2614 dolorosa
922 2550 1050 2634 plorans

409 2651 504 2718 Pater
526 2654 625 2718 currit
648 2655 687 2719 ad
711 2653 856 2735 Mariam,
880 2654 963 2720 hanc
985 2654 1112 2719 fletibus
1135 2676 1266 2718 exorans

408 2755 455 2823 Ut
477 2757 554 2824 Jesu
577 2758 696 2825 Christi
718 2759 777 2824 filii
798 2761 846 2824 sui
868 2759 1049 2825 manifestet
1077 2821 1080 2828 .

404 2860 514 2928 Fidem
535 2867 631 2948 atque
653 2863 717 2929 filie
740 2887 794 2930 sue
816 2865 915 2930 vitam
937 2868 1065 2948 prestet.

330 2983 381 3022 creo
408 2964 510 3032 Maria
532 2967 594 3033 sibi
616 2968 784 3034 condolens
806 2969 872 3034 eius
894 2969 1055 3034 invocavit

407 3070 525 3137 Filium
548 3076 580 3138 et
602 3074 759 3160 virginem
781 3075 821 3138 ad
843 3073 943 3140 vitam
965 3073 1132 3138 revocavit.

408 3175 446 3243 ln
468 3177 569 3244 Maria
592 3181 683 3264 virgo
706 3180 763 3244 hec
785 3181 944 3245 consortio
966 3179 1127 3259 remansit,

409 3281 517 3348 Donec
538 3284 608 3367 ipsa
630 3284 680 3348 dai
701 3288 803 3350 mater
826 3285 866 3350 ab
888 3285 949 3350 hac
970 3285 1036 3350 vita
1058 3284 1184 3350 transit.

252 3601 355 3686 Quod
370 3601 490 3676 Maria
511 3602 710 3678 suscitavit
736 3601 929 3679 mulierem
957 3604 996 3678 in
1023 3609 1137 3700 partu
1164 3605 1393 3680 defunctam.

403 3809 553 3876 Matrona
574 3811 708 3896 quedam
731 3811 922 3892 Christiana,
945 3813 1060 3880 Judith
1083 3815 1253 3901 appellata,

324 3935 376 3972 ⁶2⁸⁶
402 3915 512 3982 Nimio
535 3917 642 3982 dolore
665 3921 775 4001 partus
797 3923 845 3983 est
867 3920 1055 3985 exanimata.

401 4019 486 4085 Nam
508 4023 652 4106 geminos
670 4044 745 4092 ,cum
768 4023 851 4089 filios
874 4025 968 4090 simul
990 4027 1173 4110 parturiret,

402 4123 555 4211 Contigit,
578 4131 615 4190 ul
636 4127 773 4192 moriens
797 4128 896 4193 vitam
917 4129 975 4194 hec
999 4129 1113 4196 liniret.

400 4227 535 4294 Mariam
558 4251 644 4315 ergo,
668 4229 744 4296 Jesu
767 4235 910 4312 matrem,
932 4233 1081 4298 invocant
1104 4239 1259 4319 parentes,

401 4336 446 4402 Et
468 4337 560 4401 amici
583 4339 632 4402 sui
656 4339 750 4402 nimis
774 4340 915 4405 dolentes
939 4345 1034 4426 atque
1058 4340 1178 4418 flentes,

323 4459 374 4498 ⁶⁷⁹⁰
401 4439 447 4507 Ut
469 4443 571 4526 ipsam
593 4443 658 4507 suis
679 4444 801 4509 meritis
825 4446 973 4531 dignetur
995 4447 1156 4528 suscitare,
