3014 4926
788 329 831 394 90

321 609 375 682 lle
403 608 592 682 miraculis
619 631 693 702 que
720 607 808 682 fecit
835 629 926 703 puer
952 607 1063 682 lesus
1089 608 1128 680 in
1157 607 1317 702 Egyptc

396 817 490 884 Jesus
512 817 576 884 fuit
597 817 743 884 subditus
763 839 821 884 sue
842 817 990 904 genitrici

397 925 442 989 Et
463 922 625 990 nlunmno
647 945 705 988 suo
727 921 847 1007 loseph
869 922 1003 988 nimium
1025 922 1120 990 felici.

395 1029 444 1096 De
465 1029 570 1094 ricino
592 1027 682 1094 fonte
703 1028 841 1114 quodem
864 1028 975 1094 eunt
996 1029 1177 1114 frequwm

319 1154 370 1192 eru
398 1137 523 1220 Aquam
543 1157 600 1200 sue
621 1135 673 1218 pie
695 1134 800 1214 metri,
823 1133 897 1202 huic
917 1135 1058 1202 serviens
1080 1134 1223 1202 libenter.

395 1237 517 1305 Ibidem
539 1261 661 1308 necnon
684 1239 740 1306 elii
757 1240 851 1324 pueri
872 1239 1049 1306 bnuserunt

397 1345 524 1431 Aquam
546 1367 604 1410 eue
626 1344 754 1411 vascula
774 1345 963 1430 quandoque
984 1345 1040 1430 qui
1061 1345 1236 1431 fregerunt,

395 1449 457 1528 Qui
478 1471 550 1515 cum
573 1448 687 1514 flerent
708 1470 766 1533 pro
789 1449 854 1514 suis
876 1449 1012 1516 vasculis
1034 1447 1222 1527 confractis3

395 1553 464 1621 Hec
486 1555 531 1621 eis
552 1551 646 1620 Jesus
669 1553 806 1620 reddidit
826 1552 961 1642 integris
982 1553 1034 1622 bie
1054 1553 1158 1622 luctis.

367 1792 474 1876 Quod
501 1793 612 1866 lesus
639 1792 817 1866 liberavit
840 1815 1001 1886 puerum
1031 1815 1054 1865 e
1080 1797 1264 1888 serpente.

320 1992 370 2030 uu
397 1974 458 2041 Per
479 1979 607 2059 prelum
628 1996 701 2042 cum
721 1975 828 2060 pueris
850 1973 944 2042 Jeeus
960 1974 1153 2064 ‚ambularit

396 2077 531 2165 Serpens
553 2079 688 2165 quedem
709 2101 842 2164 puerum
862 2079 1010 2148 inordene
1033 2079 1220 2150 suemus

391 2184 451 2252 Ille
472 2187 537 2252 inm
558 2207 631 2252 curn
651 2188 827 2252 moreretur
848 2189 972 2252 tumens
994 2187 1027 2254 et
1045 2184 1178 2256 esuum
1311 2173 1315 2182 ⁴

394 2288 507 2356 Subito
529 2311 586 2375 per
607 2310 741 2374 puerum
762 2287 874 2356 Jesunn
895 2293 944 2356 est
965 2293 1106 2358 senatus.

462 2525 573 2612 cuod
599 2527 711 2600 lesus
738 2527 1007 2623 multiplicavit
1033 2551 1160 2622 penes.

395 2710 455 2776 Die
477 2711 614 2796 quedem
636 2712 675 2777 de
696 2711 805 2779 lebore
826 2713 955 2778 veniens
977 2713 1111 2778 intrarit

318 2833 369 2871 Μ
397 2815 518 2902 Joseph
540 2818 656 2883 ducens
678 2817 820 2904 hospites
843 2819 882 2884 ed
905 2839 1015 2888 cenem
1037 2840 1116 2904 quoe
1139 2817 1271 2888 vocavit

396 2921 532 2988 Mariam
555 2927 649 3010 roget
670 2928 707 2990 ut
729 2925 773 2990 eis
795 2923 902 2990 cibun
924 2924 1096 3004 exhiberet,

394 3026 455 3094 Sed
478 3049 549 3094 cum
571 3030 628 3095 ille
649 3029 772 3095 nullum
794 3053 908 3116 penem
930 3031 1049 3116 pistum
1070 3030 1135 3094 iem
1157 3029 1298 3108 haberet,

395 3131 468 3198 Nisi
490 3155 604 3218 penem
627 3133 785 3199 modicum
807 3155 901 3219 quern
924 3134 1017 3200 iussit
1038 3137 1075 3198 ut
1097 3135 1248 3217 portaret,

393 3235 487 3303 Jesue
509 3260 587 3323 puer
609 3259 703 3323 super
723 3260 866 3304 mensem
888 3239 1084 3322 eundemque
1106 3238 1235 3318 luceret,
1259 3317 1265 3332 ι

317 3359 368 3400 ²⁸⁶0
394 3341 488 3408 Jesus
510 3343 618 3407 stetim
641 3341 794 3427 plurimos
817 3364 913 3427 penes
936 3341 1115 3422 afferrebet‚

396 3445 482 3524 Quos
505 3470 608 3514 corum
633 3446 814 3532 hospitibus
836 3447 870 3512 in
892 3469 1001 3514 meuse
1023 3447 1212 3532 reponebat3

395 3552 472 3618 Albi
495 3552 588 3620 nimis
611 3575 708 3638 penes
731 3553 765 3618 hi
785 3552 915 3620 fuerunt
936 3557 969 3620 et
990 3553 1112 3637 saporis

395 3656 509 3724 Suavis
530 3663 628 3743 etque
650 3659 730 3724 varii
752 3659 888 3744 mirique
910 3657 1047 3724 dulcoris

317 3781 328 3798 ·
395 3763 606 3830 comederunt
628 3787 737 3830 omnes
760 3765 851 3850 penis
873 3787 1017 3849 saporem
1033 3763 1244 3834 ,ammirantes

317 3887 368 3925 uss
395 3869 506 3935 Preter
526 3871 627 3936 solem
649 3874 785 3938 matrem
807 3869 885 3936 Jeeu
906 3869 1027 3938 lectum
1045 3870 1242 3955 ignore-ntes.

239 4087 340 4174 Quod
368 4089 490 4162 Merie
524 4089 593 4162 dee
626 4113 706 4163 esse
734 4089 930 4162 dicebatur
968 4093 1008 4162 et
1034 4088 1145 4162 lesus
1171 4087 1277 4160 lovis
1305 4109 1384 4162 esee
1497 4113 1498 4118 ¹

693 4211 926 4286 credebatur.

394 4391 497 4458 Meris
519 4415 591 4460 cum
614 4393 775 4466 extraneis,
794 4394 839 4458 sic
860 4391 1116 4471 consepehatur,
