3014 4926
807 349 870 415 164

417 524 455 592 In
478 525 633 612 piscinam
654 521 749 610 Syloe
771 545 829 609 pro
851 519 1010 609 ponteque
1031 523 1183 609 proiecta.

418 630 486 696 Hec
508 629 599 716 ligna
620 630 712 716 quasi
733 629 811 694 vilia
832 632 1035 714 sumpserunt
1056 627 1283 709 combinantee,

419 735 496 802 Jesu
518 735 569 802 dei
590 735 658 802 filio
680 757 803 800 crucem
826 737 1040 819 preparantes.

342 859 394 899 ⁴⁸⁰0
420 839 513 907 Illam
536 863 660 906 crucem
683 845 855 928 coegerunt
876 840 981 924 ipsum
1003 837 1147 905 baiulare

419 946 464 1012 ut
487 947 527 1012 ad
548 946 653 1012 locum
675 945 830 1032 passionis
852 948 1033 1030 portantem
1055 942 1227 1010 ambulare.

421 1051 620 1138 Sequebatur
641 1049 813 1116 multitudo
835 1069 953 1134 magne
975 1047 1160 1129 Judeorum‚

419 1157 464 1223 Itt
485 1155 625 1221 militurn
647 1153 816 1239 gentilium
838 1155 871 1218 et
892 1151 1121 1237 phariseorum.

426 1260 559 1338 Quidam
583 1259 691 1325 sordes
713 1259 751 1324 de
773 1257 887 1343 plateis
909 1258 943 1322 in
966 1280 1037 1324 eum
1060 1259 1270 1343 proiecerunt,

346 1384 398 1422 ⁴⁸⁰⁶
424 1367 542 1432 Lutum
566 1369 662 1450 atque
684 1363 814 1450 lapides,
835 1363 921 1429 bunc
943 1363 1072 1450 quidam
1094 1369 1325 1449 percusserunt,

424 1471 560 1548 Quidam
583 1475 668 1535 retro
690 1473 896 1556 pupugerunt
917 1469 957 1558 ad
979 1473 1106 1555 tergum
1128 1471 1338 1550 stimulantes,

424 1573 470 1641 Ut
491 1579 637 1661 pergeret
657 1575 796 1640 velocius
818 1575 922 1659 ipsum
943 1574 1148 1661 instigantem

422 1679 557 1756 Quidam
580 1680 779 1764 improperiis
801 1679 907 1764 ipsum
928 1678 1194 1770 blasphemabant

422 1785 467 1851 Et
488 1784 656 1850 stridentes
678 1785 712 1848 in
736 1806 806 1849 eum
828 1785 958 1869 quidam
979 1783 1227 1850 subsannabant.

294 2104 399 2190 Quod
426 2105 537 2178 Jesus
565 2104 701 2179 defecit
727 2105 766 2176 in
795 2105 855 2178 vie
881 2105 1044 2200 pondere
1072 2105 1192 2179 crucis
1219 2127 1380 2200 pressus.

346 2335 398 2373 ⁴⁸1⁰
425 2314 486 2382 Sed
508 2314 615 2380 deficit
636 2313 699 2378 cito
721 2312 814 2380 Jesus
837 2315 871 2378 in
893 2314 945 2380 via
966 2313 1069 2380 factus
1093 2313 1205 2395 lessus,

423 2421 509 2487 Nam
532 2443 571 2487 ex
593 2407 691 2506 lignis
713 2419 866 2505 gravibus
888 2421 989 2485 crucis
1011 2419 1076 2485 fuit
1097 2441 1234 2505 pressus.

425 2525 490 2592 Sub
513 2547 607 2591 onere
629 2525 805 2610 procubuit,
829 2527 913 2611 quod
936 2524 1085 2610 portabat
1106 2525 1224 2604 lassus;

423 2631 594 2697 Prooedere
615 2653 680 2696 non
702 2631 805 2697 valuit
825 2631 982 2696 defectum
1004 2631 1050 2696 ibi
1072 2653 1193 2716 passus.

429 2735 518 2800 'lunc
539 2758 611 2801 cum
633 2759 757 2802 crucem
779 2737 915 2822 amplius
937 2737 1020 2802 ferre
1041 2759 1105 2802 non
1129 2736 1258 2815 valeret,

349 2859 401 2897 ⁴⁸1⁶
428 2838 607 2926 (inegerunt
629 2838 791 2907 Simonem
813 2842 981 2927 quendam,
1004 2845 1041 2906 ut
1063 2842 1225 2926 suppleret

425 2945 470 3010 Et
492 2944 532 3009 ad
554 2945 658 3011 locum
679 2947 835 3031 passionis
857 2969 979 3012 erucem
1003 2946 1168 3025 baiularet

425 3049 582 3136 (legentes
603 3051 714 3118 Jesum
736 3055 782 3132 ut,
805 3052 899 3118 sicuti
920 3055 1038 3137 posset,
1060 3050 1247 3116 ambularet.

272 3366 377 3451 Quod
404 3367 624 3439 nuntiatum
651 3370 709 3441 est
735 3366 851 3440 Marie
882 3367 1003 3442 filium
1030 3391 1138 3442 suum
1167 3368 1414 3464 captivatum.

427 3573 517 3640 Tunc
540 3575 644 3642 Maria
666 3576 744 3644 Jesu
765 3583 868 3644 mater
888 3579 923 3644 in
946 3579 1050 3646 vicine
1073 3581 1158 3660 villa,

427 3681 585 3748 Bethania
607 3707 668 3769 qne
690 3684 814 3765 dicitur,
838 3689 930 3750 nocte
951 3685 1014 3750 fuit
1035 3685 1101 3766 illa,

348 3802 400 3842 «aso
426 3783 464 3849 In
487 3786 580 3852 domo
603 3787 730 3854 Marthe
752 3811 851 3874 quum
873 3788 967 3856 Jesua
987 3789 1073 3856 filius
1095 3789 1238 3871 dilectus,

425 3889 504 3956 Eius
528 3893 711 3979 unigenitus
734 3898 766 3959 et
787 3895 900 3960 unicus
923 3896 1049 3977 electus¹

427 3993 504 4060 Fuit
524 3997 558 4060 in
580 3997 758 4066 Jerusalem
781 4005 892 4086 captus
914 4023 934 4066 a
955 3999 1076 4082 Judeis,

427 4099 571 4182 Vinctus,
594 4126 684 4168 cesus
706 4110 737 4170 et
759 4107 903 4191 captivus
926 4105 1079 4172 abductus
1102 4110 1150 4172 est
1171 4105 1212 4170 ab
1235 4107 1289 4172 eis.

427 4203 522 4271 Mane
544 4208 654 4273 statim
676 4210 705 4274 ei
727 4209 789 4275 fuit
811 4233 868 4294 per
888 4211 1038 4276 nuntium
1062 4211 1255 4292 mandatum,

348 4325 401 4364 4⁸2⁶
427 4307 526 4375 Suum
548 4313 750 4399 unigenitum
771 4313 840 4380 fore
861 4316 1066 4400 captivatum.
1283 4297 1286 4307 Ι

427 4413 495 4493 Que
517 4418 632 4503 spiritu
655 4421 847 4484 contremuit
869 4419 979 4485 atatim
1002 4425 1039 4485 ut
1060 4421 1202 4507 percepit
