3034 4922
782 373 844 446 194
920 325 924 336 ⁵

322 579 374 617 asro
401 553 508 645 Signis
531 561 562 622 et
585 556 739 642 prodigiis
762 556 1010 636 concutiebatur,

399 664 472 728 Pati
494 685 586 729 suum
609 667 780 727 creatorem
804 665 920 726 natura
941 662 1128 727 testabatur.

398 768 482 834 Nam
506 769 553 833 sol
575 768 761 834 obscuratus
783 771 831 832 est
853 789 909 852 per
931 771 1034 832 totum
1056 769 1164 832 orbem
1187 774 1280 851 terre,

338 929 342 939 .
398 875 602 940 Convertitur
623 873 658 936 in
680 872 867 957 sanguinem
890 873 966 936 luna
987 893 1045 936 nec
1068 871 1198 937 sufferre
1328 933 1335 962 ⁸

398 980 536 1044 Mortem
558 977 635 1043 Jesu
659 977 768 1057 valuit,
792 977 920 1042 tenebre
942 977 1062 1042 fiebant

321 1104 372 1141 aas
399 1084 460 1148 Per
481 1088 585 1148 totum
606 1075 769 1158 mundum,
793 1105 865 1146 cum
887 1082 1023 1166 planetis
1046 1082 1150 1148 sidera
1172 1083 1345 1170 pallebant¹

399 1191 443 1254 Et
466 1213 522 1275 per
544 1191 725 1254 universum
749 1189 856 1253 orbem
879 1188 917 1252 fit
938 1210 1074 1273 magnus
1095 1192 1180 1253 terre
1201 1195 1317 1270 motus,

399 1293 483 1359 Nam
506 1295 546 1358 ad
568 1300 702 1358 mortem
725 1292 802 1358 Jesu
825 1294 961 1357 mundus
984 1295 1204 1358 contremescit
1226 1299 1321 1360 totus.

399 1399 491 1465 Petre
515 1421 640 1484 quoque
663 1399 756 1462 scisse
779 1403 862 1476 suut,
886 1403 1011 1462 montes
1034 1403 1231 1478 corruerunt,

399 1505 502 1570 Multe
524 1527 618 1588 rupes
641 1508 734 1588 rupte
756 1509 841 1580 sunt,
865 1503 963 1568 abissi
985 1507 1175 1586 patuerunt;

322 1631 373 1668 seso
401 1607 516 1674 Velum
538 1609 650 1692 templi
673 1609 805 1672 scissum
828 1611 877 1672 est
899 1611 931 1671 et
953 1607 1106 1672 interiora

401 1713 461 1778 Per
484 1737 517 1778 se
540 1713 736 1778 tabernaculi
758 1716 869 1796 patant
890 1715 924 1777 in
946 1712 1005 1778 hec
1027 1712 1115 1778 hora.

402 1819 527 1904 Templi
550 1839 675 1904 quoque
697 1818 851 1883 scinditur
873 1818 1114 1903 superliminare

402 1929 507 2010 Atque
529 1929 606 1989 tunc
628 1923 830 2008 pacificorum
853 1924 1012 2009 rumpitur
1035 1924 1143 1989 altare.

400 2029 437 2096 ln
461 2030 580 2114 templo
605 2051 664 2094 vox
687 2029 796 2094 audita
819 2035 884 2094 est:
911 2028 998 2094 ›Has
1021 2030 1236 2114 relinquamus
1259 2031 1357 2110 sedes,

324 2156 375 2194 ssu
402 2135 555 2202 Cedamus
578 2136 618 2200 ab
642 2135 692 2199 his
715 2135 852 2214 sedibus,
875 2135 934 2199 has
957 2135 1155 2200 dimittamus
1177 2135 1284 2200 edes!‹

399 2241 444 2306 Et
466 2245 542 2306 tunc
565 2240 724 2324 patefacta
746 2243 822 2305 sunt
845 2240 1011 2324 sepulchra
1033 2245 1241 2318 mortuorum,

403 2345 609 2411 Reviviscunt
631 2367 764 2429 corpora
785 2345 888 2409 multa
909 2343 1139 2423 defunctorum,
1164 2385 1167 2400 ·

402 2449 463 2526 Qui
486 2454 652 2535 surgentes
675 2450 836 2515 civitatem
859 2454 1000 2514 sanctam
1022 2449 1223 2514 intraverunt

401 2553 586 2634 Jerusalem,
611 2577 644 2620 se
667 2557 752 2620 notis
775 2557 840 2620 suis
862 2557 951 2620 vivos
974 2556 1189 2621 ostenderunt.

323 2679 374 2717 ⁵⁸³0
401 2659 451 2724 Ex
474 2661 538 2725 illis
562 2661 691 2745 quidam
714 2661 747 2724 in
770 2661 830 2726 hac
853 2683 946 2726 carne
968 2665 1155 2725 manserunt
1173 2660 1225 2725 hic
1240 2661 1393 2742 viventes,

400 2765 444 2828 Et
466 2769 539 2849 post
561 2787 660 2831 annos
684 2765 808 2850 aliquos
830 2789 957 2831 rursum
979 2767 1166 2842 morientem

402 2869 537 2946 Quidam
559 2876 666 2936 autern
688 2873 869 2955 paradisum
892 2875 1073 2936 terrestrem
1096 2873 1307 2952 intraverunt,

401 2973 480 3040 Cum
502 2977 689 3041 ascendente
712 2978 839 3040 domino
862 2975 944 3042 celos
967 2977 1193 3053 ascenderunt3

401 3079 470 3145 Hac
492 3081 525 3145 in
548 3103 604 3146 ora
626 3082 780 3166 passionis
802 3082 902 3148 multe
925 3082 1153 3146 subvertuntur

322 3205 373 3241 5⁸³⁵
401 3183 563 3263 Civitates,
587 3187 712 3270 oppida,
735 3187 865 3250 castella
888 3187 1104 3251 destruuntur.

400 3289 468 3354 Hec
490 3292 522 3355 in
546 3281 677 3356 diversis
702 3291 845 3376 partibus
868 3291 954 3355 orbis
977 3291 1167 3372 acciderunt,

401 3394 485 3460 Nam
507 3397 650 3462 civitates
673 3395 749 3462 Asie
771 3402 847 3462 tunc
871 3397 1010 3481 quinque
1033 3400 1227 3460 corruerunt.

400 3499 538 3566 Infinitis
561 3503 689 3567 vocibus
712 3501 856 3567 infernus
878 3499 1056 3581 resonabat,
1167 3549 1168 3554 η

399 3602 484 3668 Nam
507 3611 635 3689 patrum
657 3607 847 3671 universitas
870 3607 1011 3692 gaudens
1034 3606 1207 3684 exultabat,

322 3727 373 3763 ⁶⁸⁴⁰
399 3707 444 3773 Et
466 3733 601 3796 magnus
623 3712 828 3776 exultationis
852 3711 1016 3796 letitieque
1038 3711 1168 3795 plausus

399 3813 513 3879 Fiebat
536 3821 613 3900 aput
635 3802 762 3896 inferos,
787 3839 860 3881 nam
884 3820 970 3881 cetus
993 3816 1037 3880 ibi
1060 3815 1185 3882 clausus

401 3918 588 3986 Sanctorum
612 3927 738 4006 patrum
762 3924 923 3988 dominum
946 3923 1053 3986 venire
1075 3925 1298 4006 cognoscentes

400 4023 598 4090 Exultabant
621 4025 756 4091 iubilum
778 4048 930 4112 magnum
953 4025 1125 4103 facientes;

399 4127 484 4194 Nam
506 4152 539 4194 se
561 4131 624 4194 cito
646 4129 826 4196 liberandos
850 4132 992 4197 sciebant
1013 4131 1196 4196 letabautur

323 4251 374 4287 our»
401 4233 444 4296 Et
466 4233 576 4297 Jesum
599 4235 752 4299 desiderio
774 4257 892 4322 magno
915 4234 1139 4318 prestolantur.

401 4339 485 4402 Ante
508 4338 626 4403 Christi
649 4341 827 4424 passionem
849 4341 997 4424 apparuit
1017 4345 1148 4420 cometa,

283 4515 291 4538 υ
399 4439 460 4506 Illa
482 4465 556 4508 mox
578 4445 735 4530 disparuit
756 4451 858 4511 morte
881 4447 946 4511 iam
969 4445 1134 4532 completa.
