2996 4924
676 371 717 449 lo

276 555 336 625 Est
358 557 391 624 in
414 556 465 626 die
487 561 594 640 tertia,
617 565 768 646 totusque
790 577 959 628 conversus

274 663 421 750 Ipsorum
443 671 491 731 sst
513 667 547 732 in
570 665 723 752 gaudium
746 666 861 748 luctus,
884 689 958 732 nam
982 668 1119 734 letanter

208 788 249 826 ³²⁰
276 768 370 835 Hunc
392 771 531 856 suscepit
553 791 634 836 uror
656 771 723 836 eius
746 775 779 838 at
801 773 895 837 nimis
918 773 1130 858 gratulanter.

276 872 387 940 Omnis
410 897 536 961 quoqne
558 876 696 962 gemitus
718 877 861 961 ipsorum
883 882 1098 943 commutatur

274 977 312 1044 In
334 981 509 1045 maximum
532 980 718 1065 tripudium,
741 979 898 1066 fletusque
920 981 1057 1063 sedatur,

274 1083 348 1150 Sese
370 1087 446 1171 quia
470 1089 581 1152 mutuo
602 1091 681 1150 tunc
702 1085 950 1152 consolabantur

274 1189 312 1255 In
334 1191 479 1256 dulcibus
501 1191 668 1276 colloquiis
692 1196 724 1256 et
746 1191 841 1256 simul
866 1192 1058 1259 letabuntur.

204 1313 247 1352 ³2⁵
273 1293 376 1361 Uxori
398 1317 454 1360 sue
475 1293 622 1362 Joachim
647 1295 754 1380 omnia
776 1298 921 1362 narravit

274 1401 404 1488 Sibique
425 1422 483 1487 per
504 1403 654 1488 angelum
677 1403 752 1468 deus
775 1404 956 1488 propalavit

274 1507 408 1573 Dicens:
433 1505 490 1573 »In
512 1508 637 1574 deserto
658 1529 781 1574 merens
804 1529 865 1594 ego
885 1527 957 1574 cum
981 1533 1141 1578 manerem

274 1613 441 1698 Meamque
463 1614 622 1678 miseriam
647 1635 719 1678 cum
741 1614 862 1699 gemitu
886 1613 1038 1700 lugerem,

274 1718 382 1804 Atque
404 1724 576 1784 creatorem
599 1741 705 1784 meum
728 1719 819 1784 deum
843 1720 1017 1802 adorarem,

206 1843 248 1880 ³³⁰
275 1823 450 1908 Multisque
471 1845 543 1889 curn
566 1824 704 1890 lacrimis
727 1825 832 1909 ipsum
853 1825 1043 1907 invocarem,

273 1925 321 1993 Ut
342 1929 393 1993 vel
416 1929 457 1993 ab
479 1928 650 2012 obprobrio
672 1951 723 1994 me
745 1951 815 1994 meo
838 1928 997 2010 liberaret,

273 2032 335 2099 Vel
358 2033 495 2098 animam
519 2035 557 2099 de
579 2056 710 2118 corpore
733 2056 835 2099 meam
858 2040 1013 2115 evocaret,

273 2137 325 2204 Ad
348 2159 398 2203 me
421 2139 509 2204 venit
529 2139 663 2224 angelus
686 2163 707 2204 a
728 2139 786 2205 deo
809 2140 996 2220 destinatus,

273 2244 321 2308 De
343 2265 413 2309 mea
436 2265 486 2309 me
508 2243 642 2309 tristitia
664 2244 719 2329 qui
741 2243 805 2309 fuit
826 2245 1018 2324 consolatus,

204 2369 247 2405 ⁸³1·
275 2351 382 2434 Atque
404 2347 484 2414 milri
506 2349 660 2435 gaudium
681 2371 834 2436 magnum
856 2351 1028 2431 intimavit,

272 2453 363 2531 Quod
385 2459 576 2539 conceptura
598 2453 699 2519 filiam
722 2455 761 2520 de
782 2477 833 2520 me
855 2455 899 2520 sis
922 2456 1093 2524 nuntiavit.

274 2557 399 2625 Nomen
421 2563 518 2644 atque
539 2559 638 2624 vitam
662 2559 757 2624 huius
778 2559 845 2650 iilia
867 2561 1021 2640 narravit,

272 2663 317 2729 Et
339 2664 423 2749 quod
445 2685 563 2750 magna
584 2661 675 2728 fieret
696 2666 729 2728 in
752 2665 846 2729 terris
869 2667 1059 2750 propalavit,

272 2771 317 2836 Et
338 2769 422 2855 quod
445 2771 537 2854 virgo
559 2791 746 2854 permanens
768 2770 890 2854 prolem
912 2776 1101 2854 procrearet,

202 2897 245 2934 uo
272 2875 340 2942 Geli
361 2881 445 2942 terre
467 2876 631 2942 dominum
654 2876 711 2940 illa
732 2881 917 2961 generaret;
1028 2903 1030 2910 ⁴

274 2981 357 3046 Hinc
379 2982 589 3068 3803331333
612 2981 718 3068 angeli
741 2982 846 3047 verbis
868 2983 908 3047 ad
930 2987 962 3047 te
985 2981 1066 3060 reni,

274 3085 382 3152 Etiam
404 3091 437 3152 te
459 3087 654 3152 consolatam
678 3107 769 3171 spero
793 3087 877 3171 quod
899 3087 1036 3152 inveni«

273 3191 363 3257 Tunc
384 3192 548 3276 respondit
564 3191 666 3256 ’Anna
689 3191 778 3256 viro:
811 3190 898 3256 »Nos
920 3192 996 3258 deus
1019 3191 1174 3257 consolari

272 3295 433 3382 Dignatus
456 3301 504 3362 est
525 3297 717 3382 etamplius
738 3317 797 3361 nos
819 3317 884 3362 non
905 3297 976 3361 vult
997 3296 1157 3361 tribulari.

205 3421 247 3460 us
273 3401 355 3466 Mihi
377 3423 452 3466 nam
474 3401 621 3467 similiter
643 3401 775 3488 angelus
797 3401 835 3466 de
857 3401 932 3468 celis

273 3507 390 3573 Missus
413 3513 471 3588 est,
495 3513 527 3573 et
549 3508 662 3573 faciem
683 3507 749 3572 vidi
773 3505 956 3592 Raphaelis,

272 3613 334 3691 Qui
356 3615 501 3680 dulcibus
523 3613 721 3680 sermonibus
743 3613 824 3677 mihi
847 3613 1036 3699 loquebatur

272 3719 316 3784 Et
338 3720 376 3784 de
398 3719 605 3785 tribulatione
627 3741 678 3783 me
698 3717 924 3784 consolabatur

272 3823 397 3903 Dicens,
420 3823 460 3888 ad
483 3845 533 3889 me
555 3824 694 3889 breviter
716 3827 749 3887 te
771 3821 841 3888 fore
863 3845 1074 3902 reversurum,

207 3947 249 3984 aaa
276 3926 342 3993 Nec
364 3951 428 3994 non
452 3949 576 3994 omnem
601 3929 721 3993 luctum
744 3933 888 3992 nostrum
910 3927 1006 3994 finem
1028 3927 1224 4007 habiturum,

272 4031 344 4120 Ego
365 4033 441 4118 quia
462 4033 562 4099 liliam
584 4035 645 4100 sim
667 4057 687 4098 a
708 4037 742 4098 te
764 4037 964 4117 conceptura,

200 4295 251 4351 aar
279 4294 316 4350 aa
339 4265 411 4349 ran
428 4294 459 4348 in
479 4295 506 4348 z.
595 4295 647 4349 333
672 4310 733 4349 meo
751 4295 825 4347 scau
843 4309 935 4347 meam
952 4293 982 4347 in
1001 4293 1028 4348 z.
1118 4294 1169 4347 aso
1188 4295 1262 4347 scau

1 4419 2 4434 r
103 4385 166 4440 illa
184 4383 264 4437 lesen
277 4381 302 4436 G
315 4381 405 4437 undZ
423 4399 457 4439 ac
474 4399 577 4453 regem,
595 4381 665 4438 doch
685 4381 773 4452 vergl.
793 4379 924 4435 Walther
942 4398 996 4436 von
1013 4379 1140 4435 itheinau
1160 4396 1185 4434 v.
1201 4381 1260 4436 662.

1 4491 2 4502 ³
105 4473 161 4530 341
184 4469 259 4524 Huic
277 4472 350 4524 stati
366 4469 439 4525 Hinc
457 4469 486 4524 in
506 4469 533 4524 Z.
606 4471 655 4524 344
675 4484 725 4525 nos
743 4468 816 4524 fehlt
833 4468 864 4522 iu
883 4467 912 4522 O.

1011 4557 1053 4608 2!
