3014 4926
661 359 723 426 117

269 532 430 618 Suemque
452 533 612 602 miserium
633 534 696 602 sibi
718 535 888 614 retulisset,
992 619 994 622 Ι

269 639 420 706 Misertus
443 639 493 706 sui
514 638 598 704 leoni
620 637 715 706 Jesus
736 638 915 723 imperarit,

190 763 244 802 ura
271 743 333 822 Qui
355 743 524 810 confestim
547 767 680 830 puerum
701 745 828 812 illesum
849 748 1033 830 reportavit,

267 849 352 916 Eum
375 855 450 916 ante
471 852 564 936 pedes
586 850 663 918 Jesu
685 851 843 917 collocans
866 851 1003 917 recessit.

269 955 388 1023 Vivum
410 977 502 1020 suum
525 955 628 1022 filium
650 961 741 1040 pater
763 961 800 1023 ut
822 957 955 1041 aspexit,

269 1061 319 1126 Ex
341 1061 441 1126 nimia
462 1061 567 1128 letitia
588 1061 692 1128 cordis
714 1063 764 1127 sui
786 1061 892 1140 flebat,

270 1163 314 1230 Et
335 1165 477 1251 gaudens
500 1164 578 1231 Jesu
600 1166 754 1230 maximas
777 1169 884 1250 grates
903 1164 1080 1243 referebat:
1142 1217 1146 1226 .

188 1290 243 1332 esso
268 1269 321 1336 Ad
342 1275 461 1336 terram
483 1291 609 1356 quoque
631 1291 779 1336 corruens
801 1293 921 1356 pronus
943 1271 1029 1338 hunc
1051 1273 1172 1354 adorat,
1254 1339 1259 1348 ,

268 1375 388 1442 Tamen
411 1396 483 1442 sum
505 1396 569 1441 non
591 1396 793 1461 cognoscens,
817 1375 888 1461 quis
909 1374 1004 1442 Jesus
1026 1376 1070 1442 sit
1091 1378 1232 1464 ignorat.

323 1693 377 1766 De
405 1687 585 1768 venatore
612 1716 722 1788 quem
751 1694 902 1767 sonavit
928 1691 1049 1766 Jesus.

271 1901 415 1978 Quodam
437 1902 488 1968 dic
509 1923 582 1968 oum
604 1900 698 1968 Jesns
720 1900 883 1968 heremum
905 1901 1066 1980 transiret,

269 2005 420 2094 Contigit,
445 2011 482 2072 ut
505 2007 634 2093 quidam
656 2029 729 2072 eum
749 2010 882 2074 venator
904 2006 1070 2086 inveniret,

269 2111 300 2174 A
322 2115 466 2195 serpente
488 2112 544 2198 qui
565 2111 630 2178 tuit
649 2134 770 2179 veneno
792 2111 865 2178 fuso
887 2112 980 2191 lesus,

189 2232 243 2272 ω
268 2213 432 2301 Totusque
454 2221 624 2298 tumuerat,
647 2216 732 2283 hunc
754 2221 790 2284 ut
812 2216 893 2282 vidit
914 2214 1007 2284 Jesus

269 2320 419 2388 Misertus
441 2322 492 2387 sni
513 2344 588 2388 mox
611 2323 735 2388 curarit
756 2323 861 2408 ipsum
884 2325 916 2386 et
938 2321 1030 2387 eiecit

269 2424 367 2494 Virus
389 2428 427 2495 de
449 2450 507 2494 suo
528 2449 669 2514 corpore,
691 2428 737 2494 sic
758 2451 831 2495 eum
852 2449 965 2494 senum
987 2425 1072 2492 fecit.

225 2743 320 2817 Item
349 2743 394 2818 de
420 2743 494 2817 elio
521 2743 683 2838 quodam
712 2765 821 2838 quem
850 2743 1001 2818 senevit
1026 2743 1148 2818 Jesus.

268 2949 404 3017 coluber
425 2951 601 3018 intraverat
622 2950 656 3016 in
679 2953 835 3036 quendam
858 2953 1066 3020 dormientem

271 3055 448 3137 Hominem,
471 3057 598 3122 incunte
619 3077 710 3122 snum
734 3061 880 3143 apertum
902 3080 938 3124 os
959 3058 1130 3126 habentem

192 3181 244 3220 που
270 3161 329 3228 Ille
351 3162 446 3229 miser
467 3161 602 3228 nimium
625 3183 697 3228 oum
717 3162 752 3228 in
774 3185 808 3229 ss
828 3167 1030 3249 torqueretur

270 3267 404 3348 Accidit,
426 3272 465 3334 ut
485 3271 669 3336 transeunte
691 3266 768 3334 Jesu
790 3268 959 3349 videretur,

271 3373 334 3452 Qui
355 3373 503 3440 misertus
524 3373 624 3458 ipsius
646 3373 732 3440 hunc
752 3374 863 3440 statim
883 3373 1041 3454 liberavit,

268 3475 300 3544 A
321 3481 465 3563 serpente
487 3481 592 3544 totum
613 3479 700 3570 virus
721 3479 776 3564 qui
798 3499 914 3564 spuens
936 3477 1103 3545 excrearit.

126 3855 225 3942 Quod
254 3858 361 3952 signe
387 3878 459 3951 que
487 3855 576 3930 fecit
594 3853 706 3930 Jesus
732 3855 771 3928 in
800 3855 1050 3932 adolescentie
1077 3879 1145 3931 sue
1172 3857 1262 3930 sunt

585 3980 786 4054 occultate.

271 4211 339 4277 Hec
361 4215 393 4277 et
414 4211 465 4277 his
488 4209 606 4276 similia
626 4207 704 4276 fecit
725 4207 818 4292 Jesus
840 4211 952 4293 multa,

195 4335 246 4373 ⁸³⁸⁶
274 4315 387 4382 Adhuc
408 4317 546 4382 existens
569 4315 759 4396 adolescens,
782 4337 844 4401 que
866 4320 942 4382 sunt
963 4317 1028 4382 heu
1051 4315 1183 4394 occulte

273 4419 354 4500 Quia
374 4443 437 4490 uon
461 4423 502 4489 eb
524 4421 632 4510 aliquo
654 4427 729 4490 sunt
750 4421 877 4510 scriptis
899 4422 1128 4504 commendata,
