3072 4936
712 305 753 370 91

157 503 256 546 uxore
278 504 336 546 sua
358 482 463 566 plnres
486 481 586 559 filios,
618 479 725 566 sicque
755 461 864 547 liberis
897 487 929 546 et
958 481 1078 548 divitiis
1107 482 1310 546 vehementer

159 594 272 652 auctus
295 593 351 653 est.
399 587 448 652 111
473 586 537 651 suis
560 591 667 652 autem
690 587 765 651 filiis
781 586 1058 671 quidamUlmam
1072 585 1308 662 inhabitabant,

159 692 215 757 alii
238 693 272 756 in
288 691 430 780 Giengen
453 693 634 769 manebant,
661 692 717 776 qui
733 693 860 757 tandem
876 715 933 758 suo
957 695 1025 759 loco
1041 693 1163 756 deserto
1181 689 1309 756 Ulmam

157 795 294 882 ingressi
317 802 408 876 sunt,
440 797 547 882 sicque
580 796 677 880 stirps
708 795 766 861 illa
797 797 959 882 geminata
990 784 1139 882 duplices
1159 793 1310 879 produxit

158 900 364 968 Ulmensibus
387 902 506 968 Leones
529 903 620 987 quasi
642 903 720 968 duas
744 903 908 968 distinctas
931 903 1052 982 tribus,
1085 901 1178 966 nnius
1201 903 1307 964 tamen

159 1008 336 1072 stemmatis
359 1014 391 1074 et
420 1008 557 1073 nominis
586 1031 686 1094 nsque
715 1009 747 1072 in
771 1007 959 1074 hodiernum
983 1008 1077 1074 diem.
1123 1005 1167 1070 Hi
1187 1004 1308 1069 Leones

157 1135 230 1176 cum
253 1113 414 1178 nobilibus
437 1116 642 1181 matrimonia
663 1116 831 1200 iungentes
846 1116 978 1200 stirpem
1002 1137 1092 1180 suam
1108 1114 1204 1196 longo
1225 1115 1307 1176 tem-

155 1237 232 1300 pore
264 1217 402 1282 nobilem
432 1225 657 1300 servaverunt,
693 1220 851 1304 aquibus
874 1227 906 1286 et
928 1221 997 1286 aliae
1028 1220 1145 1284 civium
1178 1216 1308 1281 familiae

157 1321 332 1387 melioratas
348 1323 442 1388 bodie
457 1323 626 1389 nobilitate
639 1324 814 1392 illustriore
829 1329 978 1415 gaudent.
1019 1325 1101 1392 Nam
1114 1347 1181 1391 aevo
1197 1327 1306 1388 nostro

154 1427 313 1513 ingenuus
337 1429 475 1515 armiger
496 1428 661 1496 Jobannes
692 1433 730 1498 de
753 1431 842 1498 Clam
865 1432 995 1500 Ulmam
1027 1431 1154 1496 veniens
1185 1427 1307 1512 accepit

156 1555 288 1598 uxorem
312 1534 473 1599 dominam
496 1535 665 1600 Elisabeth
689 1537 790 1602 filiam
811 1537 948 1623 insignis
972 1536 1032 1601 viri
1057 1534 1164 1601 Georii
1180 1532 1304 1612 Leonis,

152 1660 223 1702 curn
235 1660 298 1722 qua
309 1641 565 1724 quatuorhabuit
577 1640 668 1720 filias,
680 1639 840 1716 Ursulum,
855 1641 1088 1728 Magdalenam,
1103 1638 1300 1704 Felicitatem

155 1747 188 1808 et
204 1740 392 1822 Susannam,
411 1767 480 1829 quse
493 1745 619 1811 traditae
632 1745 755 1812 civibus
770 1769 879 1812 eorum
893 1747 1031 1812 familias
1043 1745 1303 1810 nobilitaverunt.

153 1871 229 1912 nam
253 1849 357 1933 prima
372 1849 544 1916 Kraftones
567 1855 599 1916 et
622 1851 865 1936 llbingerenses,
889 1853 1026 1918 secunda
1045 1849 1303 1936 Ungelterenses,

157 1955 253 2020 tertia
277 1953 491 2022 Gesslerenses
513 1963 546 2023 et
568 1963 683 2044 quarta
705 1956 869 2022 Rubianos
890 1956 994 2022 effecit
1016 1955 1177 2020 meliores:
1201 1953 1305 2036 prima

154 2061 239 2124 enim
264 2061 343 2126 duos
365 2061 479 2127 habuit
502 2062 634 2143 maritos
657 2085 727 2148 quae
742 2085 814 2128 cnm
829 2062 966 2127 secundo
983 2059 1076 2126 hodie
1098 2060 1132 2124 in
1155 2057 1303 2122 humanis

153 2171 211 2243 est,
236 2165 374 2230 secunda
396 2189 471 2232 vero
494 2189 565 2232 curn
588 2169 704 2234 marito
727 2168 869 2233 debitum
891 2171 1014 2231 naturae
1036 2164 1133 2230 solvit
1154 2162 1303 2241 moriens,

155 2271 251 2336 tertia
273 2275 379 2336 autem
403 2272 506 2337 adhuc
527 2274 560 2338 in
591 2295 648 2338 sno
672 2272 875 2338 matrimonio
898 2271 1058 2355 persistit,
1092 2270 1146 2334 sed
1178 2273 1302 2352 quarta,
1411 2301 1414 2308 ·

152 2375 273 2440 scilicet
289 2375 417 2440 domina
432 2375 588 2454 Susanna,
611 2377 643 2442 in
660 2400 718 2442 sua
733 2377 898 2442 iuventute
914 2377 981 2440 viro
997 2375 1159 2452 destituta,
1176 2373 1302 2458 frugem

154 2481 293 2546 melioris
319 2481 392 2546 vitre
415 2482 521 2569 elegit,
546 2483 697 2549 secundas
721 2483 848 2567 nuptias
872 2481 985 2546 abnuit
1000 2481 1158 2545 vidualem
1181 2482 1302 2543 statum

152 2585 305 2670 professa,
329 2585 423 2652 bodie
446 2588 650 2652 devotissimo
667 2588 823 2652 famulatu
841 2585 907 2652 Deo
923 2585 1030 2663 servit,
1054 2582 1216 2668 exemplar
1234 2583 1300 2648 vir·

150 2696 257 2756 tutum
274 2690 361 2756 faeta
377 2692 565 2777 virginibus,
589 2693 697 2777 nuptis
714 2697 746 2756 et
761 2691 875 2770 viduis,
898 2691 964 2756 vita
980 2695 1012 2756 ct
1028 2690 1178 2755 moribus.
1224 2687 1302 2753 Om-

149 2819 206 2861 nes
231 2794 431 2862 Ulmensium
453 2796 593 2862 familias
615 2797 790 2862 nobilitans
810 2793 879 2862 'haee
903 2796 1025 2860 familia
1047 2795 1202 2860 nobilium
1227 2793 1300 2858 Cla-

151 2901 345 2966 marensium
368 2906 474 2967 ortum
497 2901 595 2966 habet
617 2925 637 2966 e
660 2902 819 2966 montanis
843 2899 1103 2966 concludentibus
1127 2899 1300 2965 aulonem¹

150 3005 385 3084 Tridentinum,
409 3005 465 3070 ubi
489 3005 583 3070 hodie
604 3005 638 3069 in
654 3010 761 3070 monte
783 3005 964 3090 prominent
980 3005 1079 3068 ruinae
1096 3004 1301 3069 vetustissimi

149 3113 247 3176 castri
270 3110 388 3176 Clam2
411 3112 584 3190 nominati,
608 3130 702 3195 snper
725 3109 889 3186 Athesim,
914 3110 997 3194 quod
1021 3107 1209 3172 aedificatum
1232 3129 1301 3173 cre·

150 3218 255 3282 1111111
278 3216 376 3281 fuisse
404 3237 441 3281 eo
464 3220 614 3300 tempore,
638 3239 701 3301 qno
725 3216 912 3280 Tridentum
936 3214 1116 3280 aTroianis
1139 3214 1202 3278 fuit
1224 3235 1300 3278 con·

149 3327 273 3388 structa
296 3323 378 3387 sicut
392 3327 483 3406 patet
497 3343 603 3405 snpra,
628 3324 693 3386 111
709 3319 966 3386 Clamarensibns
982 3319 1129 3384 Troianis
1145 3341 1298 3403 possessa.

149 3427 199 3493 De
220 3426 281 3491 hac
303 3425 427 3491 familia
449 3425 565 3492 habuit
587 3424 684 3491 Ulma
706 3424 865 3512 insignem
889 3425 992 3489 virum
1009 3421 1182 3508 plebanum
1198 3423 1299 3489 domi-

149 3555 228 3597 nnm
250 3530 406 3596 Jodocum
430 3531 555 3596 Clamet
569 3531 602 3610 ³,
636 3529 822 3617 theologum
849 3533 882 3594 et
913 3530 1073 3594 doctorem
1107 3529 1299 3614 inutraque

147 3638 218 3702 iure
250 3637 340 3701 valde
368 3635 533 3722 egregium
568 3637 623 3720 qui
652 3637 821 3701 utilissime
849 3634 965 3718 populo
993 3631 1138 3699 Ulmensi
1170 3635 1300 3719 praefuit

147 3765 234 3808 anno
256 3741 376 3806 domini
403 3741 485 3806 1460
509 3739 565 3806 ubi
588 3745 620 3806 et
643 3741 732 3806 obiit.

238 3843 344 3931 Igitur
366 3845 507 3911 Leonum
522 3846 655 3928 familia,
680 3847 718 3912 de
740 3869 804 3931 qua
826 3867 929 3910 sermo
944 3845 1008 3909 iam
1024 3843 1133 3924 currit,
1157 3843 1298 3928 insignes

715 4014 733 4053 *

221 4117 235 4171 1
257 4117 456 4182 1111,αὑλών,
484 4115 681 4170 thalschlucht.
768 4111 1084 4178 21111111111101111,
1109 4113 1185 4168 siner
1211 4113 1299 4167 adels-

146 4204 256 4260 lamilie
275 4203 402 4274 gleicben
423 4220 539 4258 namens
557 4203 687 4274 geborig,
713 4201 750 4257 ist
769 4201 888 4257 anchin
907 4201 1128 4266 Obertstereich,
1147 4199 1301 4255 unterbalb

147 4291 224 4356 Lina,
243 4290 333 4346 linkes
352 4291 519 4348 Donauuler.
556 4290 726 4348 3011111111
739 4289 838 4348 Schad.
852 4290 894 4346 lll.
908 4289 994 4346 Wibl.
1007 4289 1127 4346 Schmid.
1156 4289 1299 4344 lllammer

146 4379 215 4438 Golr.
236 4377 309 4434 Besa.
