3014 4926
777 275 840 344 150

387 453 472 525 Male
493 458 600 520 tamen
622 453 684 518 crit
706 453 735 518 oi
757 471 929 537 perquem
952 451 1123 516 moriturus
1208 455 1211 463 ‘

389 559 467 626 Sum
489 579 560 644 ego,
582 558 657 642 quia
679 557 792 622 melius
814 557 843 622 ei
865 555 1071 634 convenisset,

310 685 362 722 ιω
389 663 423 730 Si
446 665 485 730 de
506 663 619 728 matris
641 667 732 728 utero
755 665 850 728 natus
872 683 937 726 non
959 661 1099 727 fuisset<

387 770 438 838 Ex
459 769 521 835 hoc
542 790 650 836 omncs
672 769 902 834 contristantur
923 766 1058 832 invicem
1081 772 1256 851 querentes,

390 873 542 951 Quisnam
563 878 645 940 essct
667 873 722 940 ille
744 873 850 952 miser,
871 871 991 958 singuli
1013 873 1167 938 dicentes:
1253 868 1257 876 '

395 977 576 1064 »Numquid
598 999 668 1068 ego,
691 978 826 1058 domine,
849 999 928 1056 sum,
951 975 1001 1042 vel
1024 977 1095 1062 quis
1118 981 1166 1042 est
1187 978 1258 1057 istc,

391 1081 453 1160 Qui
474 1088 506 1150 ts
529 1084 705 1150 traditurus
728 1087 786 1162 cst,
809 1082 938 1150 ostende
960 1082 1063 1162 nobis,
1086 1081 1247 1150 chunus«
1386 1131 1391 1140 .

311 1206 364 1244 «πο
390 1186 483 1252 Jasus
506 1189 569 1254 sit:
597 1187 737 1253 »Mecum
762 1210 891 1252 manum
912 1189 945 1252 in
970 1187 1098 1252 calicem
1121 1188 1262 1273 intingit,

389 1289 450 1366 Qui
473 1292 646 1357 Judeorum
668 1292 814 1356 manibus
835 1292 959 1358 tradere
980 1314 1030 1357 me
1050 1291 1172 1376 fingit«

393 1395 576 1481 >Numquid
599 1417 659 1482 ego
681 1419 771 1476 sum,
795 1395 944 1462 Raetia
978 1403 1054 1462 tunc
1076 1395 1176 1462 Judas
1199 1395 1378 1464 Scariothes

390 1499 517 1585 lnquit;
544 1500 744 1566 »manifestas
767 1522 838 1566 enm
861 1501 962 1580 nobis,
985 1524 1078 1586 quem
1101 1506 1136 1566 tu
1158 1505 1288 1567 notes!‹

390 1604 483 1670 Jesus
505 1607 551 1670 ait
573 1608 612 1671 ad
634 1627 723 1672 eum:
749 1605 838 1671 »Hoc
859 1611 895 1670 tu
918 1627 1001 1672 nunc
1023 1606 1141 1686 dixisti,

315 1729 366 1766 ⁴³⁶⁶
393 1711 470 1788 Quis
493 1734 543 1777 mc
564 1713 738 1778 traditurus
760 1712 812 1790 sit,
835 1734 854 1778 a
875 1733 926 1776 me
947 1715 985 1778 tu
1007 1711 1166 1796 quesisti«

393 1814 453 1881 Sed
476 1815 616 1882 Johanni
640 1839 737 1901 prope
759 1816 837 1882 Jesu
859 1817 942 1882 latus
965 1817 1113 1884 residenti

393 1919 521 1988 Occulte
543 1921 656 1988 Petrus
678 1923 793 2002 innuit,
817 1927 853 1988 ut
875 1943 949 1988 voce
971 1923 1030 1988 sub
1054 1923 1166 1988 latenti

392 2027 421 2090 A
445 2027 522 2122 Jesu
544 2027 669 2094 Christe
691 2029 787 2094 tacite
808 2029 971 2094 sciscitans
994 2027 1145 2112 exploret,

390 2130 498 2216 Ipsum
523 2135 593 2218 quis
615 2137 681 2200 tam
704 2134 801 2218 impie
822 2135 997 2200 traditruus
1019 2134 1111 2198 foret.

314 2253 365 2294 cecc
392 2237 482 2302 'l'unc
503 2238 543 2302 ad
566 2242 673 2322 pectus
695 2260 728 2303 se
750 2236 827 2304 Jesu
848 2237 1011 2304 Johannes
1033 2237 1207 2317 inclinavit,

391 2340 468 2418 Quis
490 2347 571 2407 esset
593 2343 648 2408 ille
670 2342 807 2426 perfidus
828 2343 910 2408 clam
933 2342 1152 2428 interrogavit.

391 2443 484 2510 Jesus
507 2447 571 2510 ait:
596 2445 673 2510 »cui
697 2446 779 2512 dabo
801 2467 916 2532 penem
937 2446 1022 2512 hunc
1044 2447 1224 2526 intinctum,

392 2549 454 2614 Hic
475 2571 526 2614 me
547 2550 722 2615 traditurus
745 2554 794 2615 est
815 2573 871 2634 per
893 2551 1033 2616 demonis
1057 2551 1270 2616 instinctum«

392 2651 469 2717 Post
490 2653 550 2718 hoc
572 2652 654 2720 Jude
676 2654 808 2720 tradidit
830 2653 1002 2720 buccellam
1024 2677 1119 2740 quam
1142 2655 1284 2734 intinxit,

316 2777 367 2815 acco
394 2759 493 2832 Quam
518 2761 555 2822 ut
577 2758 712 2824 comedit
734 2759 788 2824 ille
810 2759 904 2825 miser
927 2761 1036 2826 statim
1058 2781 1130 2826 eum
1153 2761 1255 2826 vinxit

392 2863 557 2942 Diabolus,
580 2868 612 2928 et
633 2863 716 2929 hanc
738 2864 909 2930 buccellam
933 2869 1100 2951 postquam
1123 2865 1343 2944 manducavit3

394 2967 470 3034 Post
491 2967 665 3036 buccellam
687 2969 721 3034 in
744 2993 816 3035 eum
838 2967 996 3036 Sathanas
1017 2971 1160 3036 intravit.

395 3069 504 3148 »Quod
525 3073 604 3140 fecis
626 3075 687 3144 hoc
707 3075 759 3142 fec
781 3076 893 3142 citius«
917 3076 1010 3143 Jesus
1032 3077 1107 3142 huic
1128 3076 1269 3156 dicebat;

393 3177 519 3258 Nullus,
544 3203 641 3266 quare
663 3181 780 3248 diceret
802 3182 872 3261 hoc,
892 3181 1102 3270 intelligebat.

290 3497 393 3583 Quod
421 3497 445 3570 J
448 3497 541 3572 udas
568 3505 736 3593 egressus
764 3501 821 3573 est
848 3499 895 3572 ad
921 3497 1148 3572 trudendum
1175 3499 1200 3572 J
1202 3459 1318 3573 esum..

316 3721 367 3758 ⁴³⁷⁰
393 3702 483 3768 Tunc
505 3704 559 3768 ille
581 3704 775 3768 miserrimus
797 3705 934 3769 surrexit
956 3709 988 3770 ct
1010 3707 1117 3786 exivit,

393 3807 440 3874 Ut
461 3809 538 3893 ipsis
560 3807 669 3873 Jesum
692 3809 840 3888 traderet,
865 3809 903 3874 ad
926 3811 1101 3876 sacerdotes
1123 3811 1192 3876 ivit.

393 3913 471 3979 Cum
494 3913 630 3978 traditor
653 3914 692 3978 ab
715 3913 786 3978 eliis
808 3913 872 3980 fuit
893 3920 1065 4002 separatus,

394 4017 545 4103 Reliquos
567 4017 735 4102 discipulos
759 4023 807 4084 est
829 4018 921 4085 Jesus
943 4021 1133 4088 consolatus.

393 4119 443 4186 Ad
466 4123 630 4188 caritatem
653 4127 797 4190 mutuam
818 4125 904 4210 ipsos
926 4125 1124 4207 cohortatur,

316 4245 367 4281 ⁴³⁷⁶
394 4225 561 4290 Imminere
583 4228 759 4310 passionem
782 4251 872 4296 suam
894 4235 1104 4315 protestatum

393 4329 500 4416 Atque
523 4333 781 4400 resurrectionem
802 4335 879 4422 ipsis
901 4336 1093 4424 manifestat,
