3080 4938
792 327 832 392 10

234 504 421 570 conticescet
454 503 638 588 posteritas.
692 501 730 568 In
763 501 834 568 loco
860 524 936 568 vero
968 501 1125 568 combusti
1156 499 1267 585 templi
1299 501 1387 568 aliud

235 608 438 695 praestantius
460 607 614 692 templum
650 611 914 687 construxerunt,
945 607 984 672 ad
1006 606 1095 671 cuius
1118 607 1261 672 decorem
1284 611 1388 670 secta·

234 713 351 778 trices¹
394 713 629 778 Amazonarum
667 713 794 778 feminae
826 716 1014 778 ornamenta
1045 735 1103 777 sua
1135 711 1324 777 obtulerunt
1354 715 1387 776 et

236 817 509 902 opulentissimum
534 817 656 882 factum
671 815 743 882 fuit.
790 816 865 882 Non
880 816 984 883 solum
1001 822 1107 882 autem
1122 818 1156 882 in
1173 817 1251 882 Asia
1266 815 1388 882 cultum

237 924 349 990 Dianae
375 924 549 988 Amazones
564 923 767 1002 induxerunt,
791 923 846 988 sed
861 924 896 988 in
908 924 1031 990 cunctis
1046 923 1124 988 locis
1138 921 1222 988 hello
1237 920 1388 1001 obtentis,

235 1029 318 1094 unde
340 1029 469 1092 domata
491 1027 570 1093 Asia
595 1027 758 1112 Europam
781 1032 897 1112 petunt
927 1034 960 1095 et
988 1029 1137 1095 florentes
1158 1027 1387 1108 Macedoniam,

236 1134 416 1220 Illyricum,
448 1133 646 1200 Pannoniam
670 1135 858 1215 devastant,
889 1138 922 1200 et
950 1133 1024 1200 inde
1055 1133 1228 1218 penetratis
1251 1127 1389 1217 Alpibus

238 1239 393 1324 usquein
417 1237 565 1306 Sueviam
593 1245 806 1324 pervenerunt
835 1245 868 1306 et
899 1239 1138 1304 Vindelicorum
1172 1238 1283 1304 urbem
1305 1260 1391 1302 nunc

241 1345 422 1432 Augustam
445 1345 479 1410 in
501 1367 592 1410 suam
609 1345 800 1430 redegerunt
815 1349 1017 1430 potestatem,
1041 1349 1078 1410 ut
1097 1343 1235 1409 eiusdem
1251 1343 1390 1408 civitatis

237 1450 370 1516 cronicae
402 1451 524 1516 docent.
569 1449 785 1536 Pervagantes
816 1453 923 1516 autem
954 1449 1116 1534 praedandi
1150 1470 1246 1514 causa
1266 1446 1390 1514 Sueviae

239 1556 393 1622 viciniora
415 1557 484 1621 loca
506 1577 578 1622 cum
600 1577 712 1622 nemus
728 1555 887 1620 ulmorum
910 1556 944 1620 in
967 1555 1037 1620 loco
1052 1555 1109 1619 ubi
1124 1576 1209 1620 nunc
1230 1558 1278 1619 est
1293 1551 1391 1620 Ulma

239 1661 450 1740 invenissent,
474 1683 539 1726 suae
562 1661 782 1746 superst'tioni
805 1683 915 1726 nemus
944 1659 1024 1725 illud
1047 1659 1248 1744 aptissimum
1270 1659 1390 1724 iudica-

240 1769 363 1844 verunt,
386 1785 522 1850 moxque
545 1788 616 1830 eum
632 1765 745 1830 Dianae
768 1769 1042 1844 consecraverunt,
1065 1764 1173 1830 lucum
1188 1762 1389 1828 tenebrosum

240 1875 468 1948 consecrantes,
493 1871 649 1956 templum
671 1871 829 1957 erigentes
845 1875 878 1936 et
893 1870 1109 1936 eunuchantes
1124 1869 1164 1935 ad
1179 1869 1390 1934 sacerdotium

240 1977 335 2056 viros,
358 1975 477 2061 quibus
499 1977 612 2042 choros
636 1976 798 2062 virginum
821 1977 1035 2061 adjunxerrmt
1053 1976 1148 2061 juxta
1169 1975 1268 2040 ritum
1287 1974 1391 2039 cultus

240 2081 362 2146 Dianae.
397 2079 531 2166 Insuper
546 2079 772 2168 Nympharum
788 2103 878 2147 sacra
892 2085 960 2145 tam
972 2082 1067 2166 juxta
1088 2079 1222 2145 flumina
1235 2079 1391 2158 coeuntia,

242 2209 337 2272 quam
360 2209 449 2252 secus
472 2186 611 2252 fontium
634 2209 784 2252 cavernas
816 2191 848 2254 et
870 2185 980 2252 latices
1002 2187 1037 2250 in
1067 2185 1200 2250 ulmerio
1232 2184 1289 2250 illo
1311 2185 1390 2250 cele-

242 2291 389 2372 brabant,
412 2295 445 2356 et
467 2289 586 2358 Suevos
609 2297 719 2378 captos
741 2293 775 2356 in
797 2291 877 2358 lucis
899 2296 932 2357 et
955 2289 1148 2356 umbraculis
1177 2290 1212 2354 in
1243 2291 1294 2355 sui
1315 2311 1389 2354 con·

241 2397 384 2462 cubitum
407 2397 605 2477 invitabant,
629 2401 666 2462 ut
689 2397 847 2482 conceptis
870 2396 1002 2462 foetibus
1025 2397 1058 2460 in
1085 2416 1158 2460 suas
1180 2395 1391 2481 remigrarcnt

243 2501 340 2566 redes.
379 2501 497 2588 Ingens
513 2501 577 2567 illis
591 2499 809 2568 Amazonibus
824 2524 900 2568 cura
915 2505 984 2566 erat
996 2500 1107 2566 Dianae
1123 2503 1156 2567 et
1166 2499 1390 2586 Nympharum

244 2607 398 2676 celebrem
421 2606 570 2691 perficere
597 2607 695 2672 ritum
728 2611 760 2672 et
792 2629 908 2694 augere
940 2607 1063 2672 cultum
1093 2606 1253 2690 praecipue
1284 2605 1318 2670 in
1348 2605 1391 2670 eis

244 2713 321 2778 locis
344 2712 421 2776 ritui
444 2711 538 2797 aptis,
555 2713 624 2776 anisi
647 2713 732 2777 enim
754 2711 815 2777 hoc
838 2717 987 2798 agerent,
1010 2733 1229 2797 nequaquam,
1264 2715 1302 2776 ut
1324 2710 1391 2794 opi·

244 2818 412 2896 uehuntur,
438 2822 539 2882 terras
562 2816 725 2902 subjicere,
749 2816 876 2901 reginas
899 2815 1059 2901 praeficere
1081 2817 1188 2903 regnis
1204 2815 1390 2901 potuissent

246 2921 293 2990 Ut
316 2927 422 2988 autem
446 2922 617 3006 perhennis
640 2927 782 2988 maneret
813 2922 848 2986 in
870 2921 939 2987 loco
970 2921 1121 2988 inchoata
1150 2921 1280 3008 religio,
1316 2921 1391 2986 civi-

243 3033 343 3094 tatem
378 3026 424 3092 ibi
461 3027 694 3106 fundaverunt,
731 3028 946 3113 relinquentes
976 3028 1004 3091 ei
1038 3048 1153 3092 nomen
1179 3027 1345 3111 proprium
1375 3045 1394 3088 a

244 3133 372 3198 nomine
387 3131 568 3218 appelativo
584 3133 692 3197 locist
708 3133 867 3198 arborum.
904 3131 1029 3197 Harum
1044 3129 1235 3196 feminarum
1251 3130 1391 3217 regimen

244 3244 318 3305 ante
341 3243 487 3323 tempora
509 3237 651 3303 Abrahae
673 3239 794 3322 incepit
825 3242 858 3303 et
888 3261 988 3323 usque
1015 3237 1055 3303 ad
1078 3236 1252 3302 Alexandri
1284 3233 1393 3322 magni

245 3350 389 3428 tempora
411 3344 546 3410 duravit.
594 3341 639 3408 Et
660 3342 868 3408 nihilominus
892 3341 1059 3408 debilitato
1091 3345 1124 3408 et
1146 3341 1255 3408 sedato
1283 3363 1391 3407 earum

244 3473 338 3515 cursu
362 3471 417 3534 per
439 3449 603 3529 mundum,
626 3449 781 3513 ininsula
797 3449 935 3533 quadam
950 3471 1051 3533 usque
1066 3453 1211 3532 tempora
1226 3444 1393 3512 clarissimi

244 3555 357 3621 Arturi
382 3554 465 3638 regis
488 3553 675 3633 Britonum‚
709 3553 764 3638 qui
797 3552 861 3618 fuit
891 3558 964 3638 post
991 3553 1111 3618 domini
1143 3551 1393 3617 incarnationem

244 3660 486 3746 quadringentis
515 3658 680 3745 octoginta
709 3681 824 3725 novem
846 3659 938 3724 annis
953 3656 986 3738 ²,
1019 3658 1216 3724 duraverunt
1246 3661 1279 3722 et
1310 3655 1393 3721 forte

244 3763 339 3830 hodie
361 3763 545 3848 perdurant.
592 3761 641 3827 Ad
658 3763 779 3828 curiam
795 3762 880 3830 enim
896 3763 1023 3848 praefati
1044 3763 1129 3850 regis
1144 3761 1393 3828 formosissimus

246 3870 334 3935 venit
356 3869 479 3935 iuvenis
503 3867 663 3935 enutritus
685 3870 769 3935 inter
788 3869 966 3935 Amanonas
988 3891 1047 3954 pro
1070 3867 1199 3934 femella
1222 3889 1278 3952 per
1300 3867 1394 3952 quin-

247 3975 347 4040 decim
370 3997 470 4040 annos
482 3973 508 4056 ⁸,
529 3973 583 4040 sed
599 3975 675 4039 dum
690 3973 786 4040 celari
801 3973 940 4060 amplius
954 3996 1047 4040 sexus
1062 3995 1127 4038 non
1143 3976 1259 4058 posset,
1276 3973 1394 4058 ejectus

811 4141 828 4180 *

318 4239 329 4290 l
355 4236 516 4292 sectatrices
542 4237 616 4293 Mon.
647 4238 671 4291 2.
699 4237 760 4293 Sch.
789 4235 848 4303 lli..
875 4239 1025 4294 sectatores
1052 4237 1259 4293 Amaacnarum
1285 4235 1396 4289 feminis

247 4325 320 4382 Mon.
340 4327 365 4381 2.
436 4324 523 4379 2489
542 4324 624 4380 annis
641 4325 715 4382 Mon.
734 4323 759 4381 2.
796 4327 867 4381 Besa.
924 4325 1022 4381 3Wie
1039 4323 1120 4380 heisst
1137 4323 1227 4378 dieser
1240 4321 1397 4394 jungling?

247 4411 397 4468 Parcival?
414 4411 528 4468 Tristan
546 4411 612 4469 oder
631 4412 754 4480 (louein,
773 4414 825 4469 wie
842 4413 888 4468 ein
905 4413 1048 4485 gelehrter
1065 4409 1227 4466 vermutet‘?
