3072 4936
684 347 744 414 157

140 523 226 588 enim
250 523 407 589 idolorum
429 523 557 590 cultura
579 526 726 608 perennis
749 548 896 592 essenon
919 525 1035 608 potuit,
1059 524 1113 590 sed
1133 547 1189 608 per
1210 527 1291 590 tem·

140 650 255 714 porum
278 629 444 694 decursum
468 631 644 712 deficiebat,
667 633 740 697 inde
763 631 886 710 accidit,
911 635 947 695 ut
968 631 1002 694 in
1026 630 1102 696 locis
1118 630 1171 694 ubi
1189 652 1291 715 quon-

141 735 215 799 dam
239 734 381 799 Deorum
405 735 525 819 templa
548 737 689 817 stabant,
712 737 757 802 ibi
780 736 910 822 tyranni
934 739 1048 814 castra,
1070 757 1156 800 arces
1172 739 1204 800 et
1225 735 1292 802 for-

139 839 248 904 talicia
264 840 431 925 erigebant
452 840 522 926 ipsa
537 842 653 908 dirutis
669 843 861 928 templorum
876 841 975 906 muris
996 841 1292 926 superaedificantes,

139 945 224 1010 sicut
248 945 362 1011 accidit
384 946 418 1011 in
442 947 718 1028 montecassino,
749 948 804 1012 nbi
834 947 872 1012 de
896 945 1110 1012 vetustissimo
1136 947 1293 1030 Apollinis

139 1049 217 1116 fano
240 1054 380 1116 castrum
403 1051 467 1117 fuit
489 1051 609 1118 factum
633 1052 860 1130 firmissimum,
884 1057 917 1118 et
939 1056 1048 1135 postea
1074 1051 1176 1116 nancti
1190 1048 1293 1116 Bene·

138 1155 217 1221 dicti
240 1155 430 1222 coenobium.
477 1157 521 1222 Et
543 1157 578 1222 in
602 1157 735 1242 legenda
757 1158 843 1222 beati
858 1156 1018 1222 Dominici
1041 1157 1186 1235 habetur,
1209 1157 1292 1240 quod

138 1281 314 1346 generosus
337 1283 440 1326 comes
467 1261 587 1327 Montis
602 1261 709 1326 Fortis
731 1261 864 1328 tradidit
880 1261 1062 1328 beatissimo
1082 1261 1167 1346 patri
1183 1264 1293 1326 nostro
1300 1259 1392 1338 alltc&

137 1365 307 1432 Dominico
331 1367 364 1430 in
380 1372 488 1432 monte
504 1373 643 1432 castrum
658 1366 784 1432 Samuel
801 1369 822 1446 ¹,
846 1369 879 1432 in
903 1390 966 1453 quo
981 1367 1058 1434 olim
1072 1367 1183 1432 fanum
1198 1365 1289 1432 doris

138 1469 256 1550 fuerat,
279 1475 312 1536 et
333 1470 464 1538 ecclesia
485 1473 585 1558 ipsius
614 1475 710 1540 castri
733 1497 847 1540 nomen
871 1473 947 1540 idoli
971 1473 1146 1540 retinuerat
1168 1472 1292 1538 diceba·

136 1579 255 1661 turque
278 1575 389 1642 fanum
410 1575 501 1644 doris
525 1579 622 1645 etiam
645 1584 717 1664 post
739 1579 877 1646 fratrum
901 1580 1143 1664 praedicatorum
1165 1577 1291 1643 inhabi-

139 1680 306 1746 tationem.
353 1680 405 1748 Sic
429 1687 461 1749 et
483 1683 603 1749 factum
618 1683 683 1749 fuit
705 1684 739 1748 in
754 1689 862 1750 monte
878 1683 1068 1768 Elchingen.
1113 1683 1190 1748 dum
1209 1682 1293 1748 enim

140 1785 298 1872 templum
320 1787 411 1854 Jovis
434 1789 479 1853 ibi
502 1788 685 1868 defecisset,
718 1795 774 1855 aut
805 1790 889 1854 forte
919 1787 1151 1855 allhristianis
1181 1788 1293 1872 primis

137 1892 282 1956 dirutum
304 1892 427 1973 fuisset,
451 1895 580 1979 tyranni
603 1899 636 1960 et
658 1894 872 1960 dominatores
888 1895 1026 1979 regionis
1042 1893 1201 1958 veteribus
1217 1893 1292 1958 fun·

138 1997 296 2063 dementis
321 2000 609 2084 superedificavere
631 2001 746 2066 turrim
769 2006 801 2066 et
823 2021 927 2066 arcem
951 1999 1138 2064 altissimam
1167 2020 1292 2063 omnem

137 2101 343 2168 circumcirca
366 2106 529 2190 regionem
551 2111 823 2191 prospectantem,
852 2127 948 2190 qnam
977 2127 1041 2168 non
1073 2108 1139 2168 tam
1162 2125 1220 2188 pro
1242 2104 1292 2168 sui

136 2207 309 2272 altitudine
331 2214 364 2274 et
387 2209 585 2288 fortitudine,
609 2233 705 2296 quam
728 2208 981 2274 inhabitatorum
1001 2209 1237 2274 inhumanitate
1260 2213 1292 2273 et

137 2311 329 2377 crudelitate
344 2314 554 2379 nominabant
576 2315 690 2380 turrim
709 2315 894 2400 Babylonis,
919 2315 994 2399 qnia
1014 2314 1048 2378 in
1064 2313 1193 2378 modum
1208 2314 1292 2378 eius·

137 2419 212 2484 dem
234 2419 332 2484 turris
348 2420 447 2486 nubes
463 2443 520 2486 suo
536 2421 673 2486 culmine
689 2425 822 2507 tangere
845 2421 1022 2501 ridebatur,
1047 2425 1079 2486 et
1095 2441 1177 2484 nova
1195 2419 1292 2503 stirps

138 2522 321 2590 Nimrotica
338 2525 485 2590 omnibns
501 2526 712 2592 formidabilis
727 2527 761 2590 in
777 2549 814 2592 ea
829 2526 1017 2592 resuscitata
1037 2525 1290 2591 existimabatur.

137 2627 217 2694 Haec
240 2633 347 2694 autem
370 2630 523 2695 terribilis
546 2653 603 2696 arx
626 2631 660 2695 in
683 2653 720 2696 eo
742 2631 860 2696 montis
883 2631 952 2696 loco
974 2630 1098 2710 stabat,
1130 2631 1186 2699 ubi
1210 2652 1294 2695 nunc

135 2733 279 2800 torcular
302 2739 350 2800 est
373 2740 405 2800 et
428 2735 638 2802 diversorium
660 2737 865 2816 monasterii,
897 2736 956 2801 sub
986 2758 1049 2821 quo
1072 2741 1215 2821 tempore
1236 2759 1294 2802 suo

136 2838 281 2905 foeminee
303 2839 407 2906 linum
429 2845 545 2924 perant
565 2845 597 2906 et
612 2863 723 2906 currus
746 2861 782 2906 ac
797 2841 879 2906 carri
902 2845 934 2906 et
956 2845 1064 2906 aratra
1087 2841 1233 2906 locantur
1253 2864 1294 2907 ne

138 2967 160 3009 a
182 2944 293 3028 pluvia
328 2944 494 3010 laedantur.
540 2943 641 3010 Juxta
668 2945 783 3010 turrim
806 2949 912 3010 autern
942 2968 998 3030 per
1020 2967 1135 3030 gyrum
1158 2945 1294 3012 aedifica·

137 3053 255 3116 verunt
278 3051 401 3115 cruenti
424 3050 472 3114 illi
496 3053 529 3115 et
551 3050 627 3114 saevi
649 3050 812 3134 praedones
834 3049 1018 3116 habitacula
1041 3072 1113 3114 cum
1135 3051 1293 3116 moenibus

137 3159 172 3221 et
197 3155 446 3248 propugnaculis
480 3156 514 3220 in
536 3156 740 3221 formidinem
770 3158 801 3219 et
831 3159 985 3230 terrorem
1014 3155 1113 3222 totius
1142 3155 1292 3240 regionis.

137 3258 209 3326 Nec
241 3260 305 3324 alio
338 3260 496 3326 vacabant
527 3260 589 3326 nisi
621 3260 705 3345 quod
739 3263 940 3326 transeuntes
974 3283 1100 3326 sursum
1129 3261 1161 3325 in
1191 3283 1295 3328 arcem

139 3366 264 3444 ductos,
287 3364 440 3450 spoliatos
463 3370 495 3430 et
517 3369 619 3430 tortos
632 3363 656 3445 ⁹,
681 3365 780 3430 vitam
803 3365 848 3430 eis
863 3365 942 3432 duro
964 3365 1106 3430 cruciatu
1125 3370 1295 3451 extorque·

134 3472 227 3550 bant,
251 3475 283 3536 et
305 3493 443 3556 corpora
465 3473 639 3538 occisorum
662 3472 749 3536 intra
767 3473 969 3557 tyrannicam
983 3472 1180 3537 mansionem
1203 3477 1296 3536 terrae

136 3574 314 3641 visceribus
338 3577 580 3663 immergebant.
627 3577 710 3642 unde
741 3599 841 3662 usque
863 3576 957 3642 hodie
980 3577 1013 3640 in
1038 3577 1124 3642 omni
1147 3577 1217 3642 loco
1240 3577 1294 3642 ubi

135 3681 263 3747 fossum
285 3680 382 3748 fuerit
405 3683 607 3768 reperiuntur
622 3683 763 3748 humana
779 3705 859 3763 ossa,
885 3705 955 3768 quen
972 3686 1047 3748 sunt
1062 3681 1148 3748 haud
1164 3683 1296 3748 dubium

136 3785 282 3871 reliquiae
306 3791 362 3851 aut
385 3787 551 3852 hominum
573 3810 593 3852 a
614 3787 794 3853 latronibus
810 3789 995 3868 occisorum,
1019 3793 1076 3854 aut
1091 3787 1132 3852 ab
1149 3788 1293 3854 idolatris

135 3893 172 3957 in
194 3891 361 3958 sacrificiis
384 3891 525 3958 Deorum
548 3893 796 3959 immolatorum.
842 3891 904 3959 Sed
927 3899 960 3960 et
981 3893 1174 3960 solidissima
1196 3897 1228 3959 et
1243 3894 1293 3958 in·

707 4055 725 4094 a

211 4164 224 4218 1
245 4161 397 4218 ‘lSannncl
410 4163 490 4222 Gold.
509 4167 549 4218 ut.
568 4165 639 4219 auch
654 4163 727 4222 Mon.
744 4167 766 4219 1.
803 4163 944 4219 Sammuel
957 4164 1045 4219 Wibl.
1082 4164 1215 4219 Samuhel
1233 4163 1293 4218 Soh.

139 4249 186 4306 Kl.
205 4249 296 4306 Schm.
368 4251 385 4305 2
403 4253 582 4308 transeuntes
601 4295 607 4308 .
626 4291 632 4304 .
652 4251 751 4316 ductis,
763 4251 892 4322 spoliatis
907 4255 936 4308 et
948 4253 1039 4319 tortis,
1058 4252 1148 4307 vitam
1160 4251 1200 4307 eis
1212 4249 1294 4306 Gold.

136 4342 190 4404 ut„
208 4337 307 4404 wiht,
325 4339 404 4394 nicht
424 4339 497 4396 lton.
519 4343 540 4395 1.
561 4338 621 4394 Sch.
641 4339 686 4394 Kl.
706 4337 806 4406 Scbm„
825 4339 927 4396 welche
940 4341 997 4397 alle
1009 4341 1102 4397 haben
1116 4341 1295 4398 transeuntes

136 4467 143 4483 .
171 4472 175 4484 .
195 4426 302 4492 ductos,
320 4427 455 4499 spoliatos
474 4429 503 4483 et
521 4429 618 4494 tortos,
639 4428 730 4484 vibam
748 4429 786 4484 eis
807 4447 832 4486 u.
850 4446 871 4486 e.
890 4447 923 4484 u.
