3034 4922
803 323 866 392 188

422 501 602 590 Legemque
624 499 796 567 Mosaicam
820 506 853 568 et
875 501 958 566 dicta
981 499 1208 586 prophetarum

424 605 533 688 Solvit,
557 609 645 694 legit,
668 608 827 674 intellexit
848 607 938 672 nullo
960 607 1157 692 predocento,

422 711 621 798 Ipsoquoque
642 712 766 778 litteras
788 734 952 798 nunquam
974 711 1161 776 addiscente.

345 837 397 874 ⁶⁶⁰⁰
425 817 501 883 Fuit
523 823 629 884 antem
651 818 801 884 uitiorum
824 818 949 884 fervens
971 815 1167 902 obiurgator,

421 921 515 1008 Legis
538 925 634 1007 atque
656 921 744 988 verbi
766 921 818 987 dei
840 921 940 987 dulcis
962 921 1158 1005 prediost0r3

423 1025 531 1113 Atque
554 1031 680 1092 nostros
703 1025 786 1092 filios
808 1049 863 1091 sne
884 1025 1051 1110 discipline

424 1131 555 1197 Fecerat
577 1130 747 1216 discipulos
770 1153 904 1217 vereque
927 1130 1077 1196 doctrine.

424 1235 491 1302 Nos
514 1238 618 1322 ipsum
641 1237 689 1302 dei
713 1236 815 1302 filium
836 1233 906 1302 iore
927 1235 1138 1314 credebamus,

347 1359 398 1398 ⁶⁰⁰⁵
426 1341 516 1419 Quod
539 1343 758 1428 redempturus
780 1341 879 1408 Israel
901 1345 984 1408 esset
1005 1341 1217 1426 sperabamus.

423 1444 520 1512 Soror
540 1451 650 1512 nostra
672 1451 774 1513 mater
796 1469 853 1512 sna
874 1469 931 1532 per
954 1469 1026 1513 eum
1047 1446 1086 1511 fit
1104 1446 1248 1525 fecunda,

424 1551 609 1636 Concipiens
633 1555 664 1617 et
686 1552 812 1637 pariens
834 1551 919 1618 hunc
941 1551 1059 1618 mansit
1081 1552 1172 1637 virgo
1196 1553 1324 1617 munda.

424 1656 516 1722 Heu!
539 1657 632 1722 modo
654 1659 745 1746 mori·
758 1659 914 1723 cernimus
936 1663 1084 1742 nepotem
1106 1679 1178 1723 cum
1199 1679 1316 1738 sorore,

423 1761 518 1827 Hunc
540 1762 640 1826 crucis
662 1784 718 1846 por
740 1761 931 1846 supplicium
953 1762 1036 1826 hanc
1057 1761 1156 1828 nimio
1179 1761 1295 1828 dolore.

346 1884 398 1924 ⁶⁶10
425 1865 452 1932 Ο
475 1889 563 1931 soror
586 1866 813 1944 amantissima,
836 1888 856 1931 o
878 1867 1005 1931 domina
1026 1865 1141 1947 Maria,

424 1971 451 2037 Ο
473 1972 591 2037 munda
612 1972 704 2057 virgo
726 1971 897 2057 virginum,
921 1993 940 2035 o
962 1969 1040 2036 Jesu
1061 1975 1164 2036 mater
1185 1971 1247 2056 pia

425 2077 574 2142 Dolorem
596 2080 686 2141 tuum
708 2077 882 2142 maximum
903 2079 1044 2160 tempera
1065 2073 1234 2160 pusillum;

423 2180 459 2247 In
484 2186 626 2246 nostram
648 2203 688 2246 ne
709 2180 866 2246 miseriam
890 2179 1015 2246 deficias
1038 2181 1224 2266 perillum!

425 2285 486 2352 Sed
507 2287 540 2350 in
564 2287 611 2351 tui
635 2285 694 2350 filii
716 2286 880 2370 promissis
902 2285 1075 2366 consolare,

346 2410 397 2448 ⁶⁶¹⁶
425 2391 486 2468 Qui
508 2395 540 2456 te
563 2391 822 2456 resurrectionem
845 2413 935 2456 suam
957 2395 1137 2476 exspectare

424 2494 535 2574 Jussit,
559 2499 655 2580 atque
677 2495 767 2573 dixit,
791 2517 824 2560 se
846 2495 909 2560 cito
931 2499 1147 2561 surrectumm

422 2599 453 2664 A
476 2600 619 2678 mortuis,
643 2621 700 2664 nos
723 2622 787 2664 uua
808 2603 914 2666 tecum
936 2601 1017 2665 dixit
1038 2623 1072 2666 se
1093 2600 1263 2666 visurum«

424 2702 476 2768 Ad
498 2703 575 2768 Jesu
597 2727 748 2770 conversa
770 2727 883 2790 corpus
907 2703 1010 2770 Maria
1032 2703 1164 2771 Zebedei

306 2877 315 2900 Ι
424 2808 503 2875 (lum
526 2811 663 2876 lamento
685 2811 886 2876 lacrimarum
910 2811 1083 2876 multarum
1105 2811 1187 2877 dixit
1208 2813 1253 2878 ei:

347 2934 398 2972 aare
428 2913 504 2994 alle,
528 2938 566 2980 ve
587 2917 666 2981 mihi
689 2917 812 2996 misere,
835 2939 873 2982 ve
894 2916 984 2996 mihi,
1007 2915 1085 2982 Jesu
1107 2917 1199 2997 bone,

424 3019 472 3086 Ve
493 3021 582 3101 mibi,
607 3023 650 3086 mi
672 3021 850 3087 dulcissime
873 3021 911 3086 de
933 3025 989 3086 tua
1011 3022 1177 3107 passione!

422 3125 480 3206 Ve,
504 3149 550 3206 ve,
574 3129 657 3193 calix
680 3127 733 3193 hio
755 3133 804 3193 est
825 3127 889 3206 ille,
914 3151 1007 3213 quem
1029 3129 1108 3193 mihi
1132 3128 1306 3213 predixisti,

424 3232 515 3310 Quod
538 3235 642 3318 ipsum
663 3255 745 3299 esses
768 3233 937 3312 bibiturus,
960 3233 1046 3298 huno
1067 3235 1160 3300 modo
1182 3238 1219 3299 tu
1242 3233 1360 3300 bibisti

423 3337 580 3424 Huncqne
601 3361 688 3405 meos
709 3339 794 3404 filioe
816 3339 925 3404 dixisti
948 3339 1116 3418 bibituros,

348 3461 400 3500 ⁶⁶³⁶
427 3443 471 3508 Et
493 3466 548 3529 per
570 3445 675 3530 ipsum
698 3445 798 3528 patris
820 3443 868 3507 tui
890 3465 1025 3529 regnum
1048 3465 1274 3528 possessuros«

425 3546 604 3635 Alpheique
626 3549 774 3615 similiter
798 3547 901 3614 Maria
924 3549 1120 3634 deplorabat,

426 3653 468 3717 Elt
491 3655 530 3718 ad
553 3654 663 3720 Jesum
686 3655 719 3719 in
743 3675 834 3719 cruce
855 3655 1043 3738 pendentem
1066 3656 1282 3721 exclamabat:

427 3757 492 3823 »Vc
514 3759 603 3839 mihi,
627 3759 705 3825 Jesu
726 3759 865 3838 domiue,
888 3759 989 3825 duleis
1012 3764 1044 3825 et
1066 3753 1211 3839 decore,¹

428 3861 472 3928 Ut
493 3863 568 3946 quid
591 3865 672 3929 mori
694 3865 824 3930 voluisti
847 3869 940 3930 tanto
963 3887 1034 3930 cum
1057 3865 1183 3930 dolore!

348 3985 403 4024 uuo
430 3965 511 4046 Heu,
534 3970 582 4033 tui
604 3971 750 4054 discipuli
773 3971 835 4035 mei
859 3992 984 4056 quoque
1006 3969 1083 4048 uati,

423 4071 494 4137 Scio
517 4074 600 4157 quod
623 4077 748 4159 oportet
770 4097 823 4140 eos
846 4097 904 4159 pro
926 4081 958 4141 te
980 4079 1115 4140 mortem
1136 4075 1212 4160 pati.

429 4176 513 4242 Nam
537 4179 639 4244 adhue
661 4203 731 4246 cum
755 4181 875 4246 viveres
897 4185 929 4246 te
950 4184 1076 4245 tautum
1098 4179 1287 4259 dilexerunt,

426 4283 517 4360 Quod
540 4307 668 4350 manere
691 4287 813 4352 sinete
835 4307 991 4370 nusquam
1013 4289 1180 4368 poterant3

425 4387 456 4452 A
478 4389 620 4462 doctina
642 4391 736 4460 modo
758 4395 899 4458 tuanen
922 4393 1095 4484 potnerunt
1116 4387 1220 4476 avelli,
