3034 4922
661 373 723 442 241

274 552 417 641 Angelus
439 575 501 639 que
524 553 655 630 dixerat,
679 576 715 648 ac
737 554 814 638 ipsis
837 554 1066 620 demonstravit

273 659 415 726 Palmam
438 665 534 745 atque
556 661 789 741 vestimentum,
814 661 898 745 quod
920 661 981 726 sibi
1004 663 1207 744 presentavit.

136 977 241 1063 Quod
269 978 366 1052 socie
394 977 512 1051 Maris
540 979 694 1072 virginis
721 980 950 1073 planxerunt
976 981 1120 1054 obitum
1151 981 1242 1054 eius.

192 1207 245 1244 ⁷1⁷⁰
272 1187 330 1252 Ille
352 1208 428 1252 vero
449 1184 583 1271 virginis
606 1185 777 1250 discessum
799 1185 962 1250 audientes

273 1291 431 1377 ceperunt
452 1289 527 1356 flere
549 1289 684 1376 singule,
707 1311 779 1354 cum
801 1291 923 1375 gemitu
946 1290 1101 1355 dicentes:

276 1395 350 1477 alle,
373 1419 412 1462 ve
434 1396 535 1475 nobis,
557 1400 660 1460 mater
681 1401 801 1474 nostra,
824 1417 861 1460 ve
884 1395 975 1460 nobis
997 1395 1176 1460 venerenda

272 1502 375 1568 Maria
397 1503 489 1588 virgo
511 1503 683 1586 virginum,
706 1501 841 1567 clemens
863 1507 896 1567 et
917 1504 1070 1568 amanda!

273 1607 362 1673 Heu!
385 1607 478 1672 nobis
499 1624 584 1672 nuno
605 1606 812 1684 subtraheris,
836 1630 855 1672 a
878 1608 970 1672 nobis
993 1610 1159 1692 separaris,

195 1730 247 1768 uu
274 1715 304 1776 A
325 1716 497 1796 nostroque
518 1711 677 1776 consortio
701 1734 739 1776 ve
760 1712 852 1776 nobis
874 1715 1059 1796 amputatis,
1123 1760 1126 1768 .

272 1817 315 1882 Et
337 1841 357 1882 a
378 1817 593 1882 consolatione
614 1839 672 1882 uos
695 1823 751 1882 tua
773 1818 949 1896 viduamur,

274 1923 304 1986 A
326 1927 445 2007 tuaque
465 1922 620 1988 melliflua
641 1923 804 1988 dulcedine
825 1923 997 2006 privamur.

274 2028 355 2093 Erae
378 2028 462 2093 enim
486 2033 595 2094 nostra
616 2051 687 2113 spes
709 2033 741 2094 et
763 2028 863 2092 dulcis
885 2028 1087 2106 consolatrix,

273 2131 324 2198 Tu
345 2138 488 2198 ucmrum
512 2133 763 2199 sustentaculum
785 2138 817 2198 et
840 2132 1033 2198 auxiliatrix.

195 2255 245 2293 που
272 2237 320 2302 Tu
343 2261 469 2324 quoque
491 2237 582 2305 nobis
605 2239 739 2305 extitisti
761 2261 884 2324 semper
905 2238 975 2302 loco
997 2237 1119 2316 matris,

272 2341 333 2407 Pro
355 2343 447 2409 nobis
470 2343 607 2409 sollicita
630 2344 721 2433 lpisti
742 2344 809 2408 vice
831 2343 941 2428 patris.

271 2447 301 2512 A
322 2449 387 2513 tuis
410 2449 491 2514 heu!
515 2449 665 2515 uberibus
686 2449 839 2515 maternis
861 2471 946 2514 nunc
968 2449 1126 2527 orbamus,

211 2579 215 2588 ·
271 2555 302 2616 A
322 2553 449 2638 tuisque
471 2553 636 2638 colloquiis
659 2554 805 2640 benignis
828 2553 1036 2618 desolamur«

117 2867 220 2953 Quod
247 2869 368 2942 Maria
394 2869 499 2943 flevit
525 2891 573 2942 ex·
598 2869 855 2965 compassione
883 2869 1068 2942 sociarum
1095 2887 1259 2938 suarum.

273 3077 375 3145 Maria
396 3080 488 3165 virgo
511 3101 583 3144 cum
605 3079 727 3144 audivit
748 3101 878 3144 suarum
900 3077 1056 3142 sociarum

192 3201 244 3238 ms
272 3182 438 3250 Planctum
461 3190 591 3269 propter
613 3184 737 3250 obitum
759 3185 825 3249 sius
847 3187 915 3248 tam
937 3202 1090 3258 amarum,

272 3289 321 3354 Ex
343 3292 559 3375 compassione
580 3313 698 3377 magna
720 3312 791 3356 cum
813 3291 891 3374 ipsis
915 3289 998 3372 cepit
1021 3287 1107 3364 llere,

271 3391 401 3480 lllisque
423 3396 603 3462 dolentibus
625 3397 710 3481 cepit
732 3395 906 3460 condolere.

157 3685 259 3771 Quod
287 3691 480 3767 lohannes
507 3693 741 3787 evangelista
767 3694 983 3786 supervenit
1010 3697 1049 3764 et
1076 3691 1219 3763 invenit

453 3815 613 3888 Mariam
640 3817 914 3888 lacrimantem.

273 4023 482 4109 Evangelista
503 4023 666 4091 Johanues
688 4026 798 4090 statim
821 4025 1003 4109 supervenit

271 4129 315 4194 Et
339 4129 473 4195 Mariam
497 4131 716 4196 lacrimantem
738 4129 896 4215 virginem
918 4129 1050 4194 invenit.

198 4251 248 4291 arco
274 4234 416 4300 Territus
439 4240 471 4299 et
493 4235 667 4300 admiratus
691 4235 795 4314 nimis,
818 4257 873 4300 cur
896 4235 1015 4299 doleret

272 4337 375 4424 Virgo
398 4339 446 4404 dei
469 4341 619 4425 genitrix,
642 4345 675 4405 et
697 4362 752 4404 cur
774 4341 821 4404 ita
844 4339 953 4416 fleret3

273 4443 441 4510 continere
464 4467 497 4511 se
518 4465 583 4511 uon
607 4447 724 4526 valeus,
747 4451 780 4510 et
802 4446 869 4530 ipse
892 4444 1051 4509 lacrimari

164 4563 219 4606 vla·
231 4563 305 4608 lule
1018 4549 1049 4604 16
