3034 4922
795 317 859 386 234

413 492 541 574 Paulus,
565 517 620 560 ves
643 493 814 574 electionis,
837 494 916 560 bene
939 495 1128 575 consolatus,

412 601 456 666 Et
478 599 518 665 ab
540 623 577 666 ea
599 599 776 686 plurimum!
793 600 827 664 in
849 599 910 664 fide
932 599 1138 682 confortatus,

412 704 553 770 Recessit
575 729 595 772 a
616 705 793 772 Jerusalem
814 707 853 770 ad
876 707 1157 793 evangelizandum

335 829 386 866 ⁶⁹⁴⁵
414 810 566 878 Gentibus
590 816 622 878 et
644 813 737 878 fidem
760 812 878 878 Christi
900 813 1018 878 mundo
1040 813 1273 898 predicandum.

412 915 473 982 Sed
495 917 639 982 nationes
662 917 815 1002 plurimas
838 916 982 982 hiscum
1004 917 1212 996 transivisset,

412 1021 456 1086 nt
477 1023 516 1086 ad
539 1023 633 1088 fidem
655 1021 731 1089 Jesu
756 1021 875 1088 Christi
897 1021 1014 1088 multos
1037 1021 1252 1098 convertisset,

411 1127 486 1194 Non
509 1131 557 1194 est
578 1126 696 1193 oblitus
719 1133 892 1212 'pauperum
914 1126 1206 1194 fideliumillorum

413 1231 590 1298 Jerusalem
612 1233 809 1296 manentium
829 1232 967 1296 fratrum
988 1235 1021 1296 et
1042 1252 1196 1308 sororum

337 1356 388 1395 raso
414 1336 464 1402 Ibi
487 1359 565 1422 quos
588 1337 759 1422 reliquerat
781 1337 814 1400 in
837 1357 955 1422 magna
976 1339 1162 1422 paupertate

414 1441 520 1508 Famis
544 1447 576 1508 et
598 1443 736 1528 penurie,
761 1465 833 1507 cum
855 1441 1005 1507 societate

415 1548 493 1614 Jesu
514 1549 637 1628 matris,
659 1549 820 1614 uniuersas
843 1548 899 1632 qui
921 1569 994 1612 suas
1016 1545 1183 1612 facultates

416 1654 460 1718 Et
481 1675 531 1718 res
553 1654 799 1740 expendiderant
819 1653 853 1718 in
876 1654 1076 1718 necessitates

415 1759 651 1844 Apostolorum,
675 1781 772 1844 quum
794 1759 888 1824 simul
910 1756 1087 1824 Jerusalem
1108 1757 1303 1834 manserunt,

339 1881 389 1922 osc
417 1862 635 1950 fideliumque
657 1869 831 1930 ceterorum
853 1887 925 1930 oum
947 1863 1011 1930 illis
1032 1863 1087 1948 qni
1108 1861 1248 1926 fuerunt.

414 1967 474 2033 His
498 1967 616 2034 Paulus
638 1991 693 2053 per
715 1969 859 2034 ecclesias
881 1967 1028 2034 collectas
1049 1966 1187 2032 faciebat

414 2073 459 2137 Et
480 2074 525 2138 eis
547 2074 730 2140 elemosinas
752 2073 858 2138 nntire
880 2071 1048 2149 monebam

413 2177 458 2242 Et
479 2177 586 2243 fideles
608 2179 770 2244 universos
793 2179 845 2244 hic
867 2178 1094 2262 deprecabatur
1227 2237 1231 2244 .

415 2281 614 2368 (iunctosque
633 2285 809 2370 neophytos
833 2284 935 2348 adhuc
957 2283 1193 2363 exhortabatur,

337 2405 388 2443 οπο
415 2385 594 2472 Pauperum
615 2388 791 2454 Jerusalem
814 2393 851 2454 ut
873 2389 1112 2454 recordarentur

415 2493 459 2558 Et
481 2495 519 2559 de
541 2494 746 2560 facultatibus
768 2495 819 2560 his
841 2495 907 2560 suis
928 2493 1122 2579 largirentur

415 2597 527 2664 Victus
549 2600 584 2664 in
606 2599 781 2666 subsidium
803 2604 836 2664 et
857 2598 1084 2677 necessitatem,

414 2701 465 2768 Ibi
487 2705 562 2789 quia
584 2705 784 2772 sustinebant
805 2723 955 2790 magnam
977 2705 1205 2788 paupertatem.

307 3017 411 3102 Quod
438 3023 598 3116 apostoli
626 3023 794 3095 feserunt
821 3021 998 3095 collectas
1024 3039 1091 3114 pro
1118 3021 1355 3114 pauperibus.

418 3223 572 3296 Similiter
594 3230 729 3315 apostoli
752 3231 865 3315 reliqui
887 3230 1039 3309 fecerunt,

340 3354 391 3392 ⁸⁹⁶⁶
417 3333 454 3400 In
478 3336 595 3421 populo
618 3336 672 3421 qui
694 3335 762 3400 fieri
785 3336 931 3402 collectas
953 3337 1133 3400 statuerunt

418 3439 542 3528 Sanctis
564 3463 622 3525 pro
647 3439 847 3526 pauperibus,
872 3441 927 3525 qui
950 3461 1066 3524 magua
1089 3443 1274 3524 paupertate

418 3545 605 3612 Manserunt
625 3547 658 3610 in
681 3545 856 3612 Jerusalem
880 3549 912 3610 et
934 3567 1039 3610 rerum
1062 3548 1209 3630 egestate.

418 3651 469 3716 Ex
492 3653 607 3736 quibus
629 3674 710 3716 unus
737 3651 844 3716 extitit
865 3649 1003 3716 Jacobus
1025 3649 1152 3735 Alphei,
1307 3635 1310 3640 ¹

419 3755 480 3831 Qui
501 3757 619 3822 mansit
640 3757 673 3820 iu
696 3757 846 3840 obsequio
869 3756 969 3822 Maris
991 3756 1103 3820 matris
1124 3755 1195 3833 dei,

340 3881 391 3919 raro
417 3861 595 3927 Nemeum
618 3885 673 3946 per
695 3867 839 3928 sanctum
862 3863 1009 3946 spiritum
1031 3861 1167 3944 apostoli
1190 3860 1326 3945 dispersi
1422 3903 1429 3908 -

419 3965 561 4032 Fuerunt
582 3990 638 4053 per
659 3968 826 4032 circuitum
848 3966 933 4032 orbis
955 3967 1104 4046 universi,

417 4071 537 4137 Mansit
559 4073 591 4137 in
614 4071 789 4138 Jerusalem
812 4071 949 4138 Jacobus
973 4071 1099 4156 Alphei,

325 4239 329 4247 .
419 4177 463 4241 nt
486 4179 595 4242 sociati
618 4179 747 4263 plurimi
770 4179 876 4244 fideles
899 4181 989 4244 erent
1012 4177 1050 4256 ei,

419 4281 480 4358 oui
505 4288 633 4348 cunetas
655 4306 728 4348 suas
750 4283 917 4348 facultates
939 4283 1102 4348 dominum
1125 4279 1282 4366 sequendo

341 4407 391 4446 ⁶⁹⁷⁶
418 4386 493 4457 Jam
515 4387 633 4454 dudum
655 4389 902 4475 expendiderant
924 4392 956 4454 et
978 4387 1053 4454 huic
1075 4385 1269 4468 adherendo,
