3072 4936
809 355 871 428 104

260 536 416 624 sanguine
439 533 633 624 Pegascrum
655 537 778 623 aliquid
791 536 1007 624 participasse.
1044 535 1101 626 ,De
1123 536 1271 617 secundo,
1295 537 1418 606 scilicet

259 643 298 708 de
313 642 441 709 homine
456 643 641 722 fortissimo,
665 666 729 710 una
743 644 821 710 satis
837 643 971 710 obscura
986 641 1140 708 recitatur
1159 643 1305 710 historia.
1330 645 1414 712 unde

260 748 396 832 quodam
419 753 561 832 tempore
582 749 711 833 quidam
734 749 827 834 gigas
842 746 973 834 gentilis
997 747 1088 832 qnasi
1111 748 1192 813 alter
1207 747 1317 815 (iulias
1341 771 1412 817 cnm

258 853 396 918 exercitu
412 850 577 939 Scythiam
590 874 735 939 egressus
753 875 852 938 usque
874 854 908 918 in
924 851 1073 920 Sueviam
1090 855 1241 934 ascendit,
1266 855 1412 922 audierat

259 957 343 1022 enim
365 954 485 1024 Suevos
513 979 581 1024 esse
613 959 778 1024 bellicosos
811 962 843 1023 et
873 960 1042 1024 animosos.
1097 957 1190 1025 Unde
1218 961 1252 1024 in
1285 959 1414 1027 Rhaetia

257 1062 329 1128 fixit
351 1085 410 1128 ena
431 1065 570 1130 tentoria
592 1068 625 1130 et
647 1061 822 1130 Suerornm
844 1064 1041 1149 principibus
1065 1064 1212 1149 scripsit,
1235 1072 1413 1152 campestre

257 1168 407 1252 proelium
431 1169 511 1236 velle
532 1170 615 1234 inire
637 1191 709 1234 eum
731 1169 776 1234 eis
799 1191 974 1249 commune,
999 1169 1049 1234 vel
1072 1175 1230 1236 certamen
1248 1171 1413 1260 singulare

257 1273 324 1338 sive
346 1274 486 1340 duellum
508 1295 581 1339 cum
603 1274 720 1359 alique.
767 1272 998 1340 convenientes
1022 1279 1129 1340 autem
1144 1273 1320 1342 Suevorum
1337 1299 1413 1362 pro·

257 1401 342 1444 ceres
364 1379 505 1444 duellum
536 1379 598 1444 sibi
626 1378 834 1458 addixerunt,
867 1379 1020 1465 eligentes
1052 1379 1092 1444 ad
1116 1379 1177 1445 hoc
1199 1380 1412 1448 fortissimum

256 1505 351 1550 auum
361 1485 464 1550 virum
478 1483 748 1564 marchachalcum
760 1483 799 1550 de
815 1482 1036 1568 Papenheim¹,
1052 1484 1108 1569 qui
1123 1485 1220 1550 etiarn
1235 1491 1412 1570 spontanee
1523 1555 1524 1566 2

257 1590 297 1654 ad
321 1589 381 1655 hoc
402 1613 435 1656 se
457 1591 584 1657 obtulit.
630 1589 690 1656 Die
713 1591 819 1655 autem
848 1593 970 1654 statuto
1001 1611 1073 1654 cum
1104 1591 1208 1655 omnis
1236 1591 1412 1658 multitudo

257 1694 292 1758 in
315 1695 418 1760 locum
441 1695 622 1761 certaminis
644 1690 853 1774 convenisset,
876 1694 1018 1758 insonuit
1040 1715 1102 1759 vox
1116 1695 1150 1758 in
1166 1696 1306 1763 exercitu
1323 1697 1412 1763 chri·

258 1800 435 1866 stianorum
458 1799 543 1866 haud
566 1800 699 1866 dubium
721 1799 838 1885 angeli,
863 1821 927 1865 non
942 1799 1216 1872 marchachalcum
1230 1801 1269 1867 de
1283 1800 1411 1888 Papan-

258 1904 353 1986 heim‚
370 1907 425 1972 sed
439 1907 682 1974 homuncionem
697 1907 736 1971 de
750 1905 938 1992 Leugingen
954 1905 988 1969 in
1003 1904 1186 1970 conflictum
1197 1905 1412 1992 dirigendum.

257 2009 440 2087 Quarentes
464 2017 569 2078 autem
590 2013 624 2077 in
647 2013 798 2092 exercitu,
820 2013 1012 2078 invenerunt
1043 2033 1177 2096 parvum
1199 2013 1328 2098 quidem
1351 2014 1413 2080 ho·

258 2115 385 2198 minem,
409 2118 463 2184 sed
486 2117 566 2183 bene
588 2121 747 2183 armatum
769 2121 802 2183 et
824 2116 1069 2183 audacissimum
1092 2117 1131 2182 de
1152 2117 1354 2204 Laugingen,
1378 2127 1413 2187 et

259 2220 312 2286 hic
333 2223 499 2308 gigantem
528 2241 699 2309 aggressus
728 2245 800 2288 eum
831 2221 1006 2306 prostravit
1038 2220 1242 2308 infidelesque
1272 2223 1412 2310 fugavit.

258 2327 310 2392 De
329 2328 397 2394 viro
419 2329 569 2414 prudenti
591 2333 624 2394 et
645 2329 880 2413 expertissimo,
911 2327 996 2413 quod
1018 2331 1067 2392 est
1091 2327 1239 2408 tertium,
1271 2327 1412 2414 hahetur

256 2432 355 2518 longa
377 2438 409 2500 et
432 2434 569 2500 veridica
590 2435 735 2521 legenda,
759 2436 823 2500 iam
842 2433 984 2501 Colonia
1008 2435 1180 2518 impressa,
1211 2434 1250 2499 ds
1273 2435 1410 2501 Alberto

257 2559 384 2622 magno,
408 2539 463 2624 qui
485 2540 520 2604 in
542 2541 628 2606 omni
650 2540 784 2605 scientia
808 2538 874 2604 fuit
897 2539 1070 2625 singularis
1092 2543 1219 2605 etcum
1241 2539 1303 2604 hoc
1326 2562 1347 2604 a
1362 2541 1412 2604 iu-

257 2647 387 2708 ventute
408 2644 560 2709 innocens
582 2651 615 2711 et
636 2649 773 2724 sanctus,
798 2649 830 2710 et
852 2667 1063 2730 nequaquam,
1086 2649 1123 2710 ut
1145 2645 1207 2710 sibi
1222 2645 1410 2730 imponitur,

256 2770 369 2834 magus
384 2753 441 2814 aut
456 2751 716 2836 nigromanticus.
763 2749 810 2816 De
826 2755 950 2835 quarto,
972 2751 1010 2815 de
1029 2751 1161 2815 muliere
1175 2750 1411 2834 speciosissima

257 2853 340 2918 nihil
361 2853 395 2918 in
417 2854 574 2940 singulari
597 2855 715 2935 audivi,
737 2855 800 2920 nisi
823 2853 1113 2940 quasiquibusdam
1134 2855 1238 2920 visum
1261 2855 1327 2920 fuit
1344 2855 1410 2920 He-

255 2959 360 3025 lenam
383 2959 555 3026 'l’rolanam
577 2963 611 3026 in
634 2961 694 3026 hac
715 2962 865 3026 revixisse
887 2965 944 3026 aut
959 2959 1098 3026 Hecubae
1121 2959 1171 3024 vel
1195 2958 1330 3026 Veneris
1353 2965 1412 3025 aut

256 3062 394 3131 Medusae
416 3065 517 3132 filiam
538 3066 632 3132 forte.

661 3239 998 3308 Dietaheimer².

344 3381 648 3450 Dietaheimensinm
663 3383 811 3450 familia⁸
835 3383 875 3448 ab
892 3383 1024 3467 antiquo
1040 3381 1126 3448 clara
1147 3387 1325 3448 castrenses
1347 3407 1409 3449 no-

255 3484 335 3552 biles
359 3486 489 3569 habuit‚
520 3491 638 3575 primas
661 3489 753 3554 nobis
776 3493 868 3554 notas
891 3488 978 3553 sedes
1009 3486 1161 3552 habentes
1193 3487 1228 3550 in
1261 3487 1409 3554 inferiori

256 3588 371 3658 Suevia
392 3615 457 3658 non
487 3595 582 3680 longe
605 3595 646 3660 ab
675 3595 792 3679 oppido
815 3592 982 3659 Werdensi
997 3593 1028 3669 ⁴,
1058 3591 1131 3656 inde
1160 3596 1267 3657 autern
1297 3615 1410 3660 eonse-

257 3701 391 3782 quenter
413 3699 504 3764 effusi
525 3700 560 3764 in
582 3699 646 3766 alia
668 3700 738 3766 loca
767 3701 895 3766 domum
924 3698 1028 3765 Ulmae
1057 3697 1203 3764 habitare
1231 3703 1410 3784 coepernnt,

821 3845 839 3885 ss

325 3925 347 4002 1⁸
358 3924 393 3980 ds
411 3925 581 3996 Pepenheim
595 3927 668 3984 Mon.
681 3928 706 3982 2.
720 3945 767 3982 am
779 3926 867 3983 rande
881 3943 934 3984 von
949 3925 1093 3982 darselben
1106 3925 1198 3982 hand:
1218 3925 1253 3981 de
1267 3924 1408 3982 Salentiu.

254 4009 288 4066 de
307 4010 499 4083 Pappenhaim
513 4013 611 4070 Schad.
631 4015 688 4070 und
701 4015 822 4072 darhber
835 4015 1026 4086 geschrieben:
1046 4015 1135 4070 caltin
1147 4013 1192 4084 (l).
1229 4013 1265 4069 de
1276 4012 1408 4086 Pappen·

253 4097 326 4152 heim
345 4099 466 4154 Schmid.
485 4100 553 4156 eor.
573 4101 657 4156 Wibl.
680 4103 723 4156 Kl.
759 4104 793 4159 de
812 4103 1004 4174 Pappenhaim
1024 4103 1097 4160 Besa.
1177 4102 1408 4158 2Dietaheimer

253 4184 352 4242 Schad.
371 4187 414 4240 Kl.
451 4186 622 4244 Dietheimer
642 4189 761 4246 Schmid.
798 4191 971 4248 Dietheimer
993 4190 1077 4246 Wibl.
1115 4189 1155 4244 De
1174 4188 1408 4245 Dietahemaren·

253 4271 329 4326 sibus
343 4275 414 4330 Mon.
427 4277 450 4332 2.
488 4277 528 4333 De
541 4277 842 4336 Dietaheimerensibus
854 4279 924 4337 Gok.
960 4279 1000 4334 De
1013 4277 1320 4334 Diataheimarensibue
1334 4279 1409 4333 Besa

251 4361 585 4420 3Dietaheimerensinm
610 4365 720 4422 familia
748 4367 815 4424 Golr.
860 4365 1162 4424 Dietaheimareusium
1187 4363 1217 4421 F.
1244 4363 1317 4421 Besa.
1391 4369 1409 4419 4

252 4449 324 4525 wohl
346 4450 544 4506 Donauwtrth.
