3080 4938
701 379 744 446 69

145 554 240 639 piunt
256 554 394 639 aliquem
409 555 601 634 intraneum,
624 556 678 640 qui
695 560 742 620 est
759 557 807 620 vel
824 557 877 642 qui
895 557 1067 642 aliquando
1083 559 1156 639 fuit,
1172 559 1296 624 etiamsi

145 663 220 724 actu
237 681 300 724 non
317 660 369 739 sit,
386 660 424 725 de
439 660 589 724 societate
605 661 738 726 alicuius
753 661 882 742 zunftae,
905 663 951 727 ita
967 664 1051 747 quod
1066 664 1191 730 nullum
1205 665 1297 730 zuni-

145 766 244 830 talem
268 771 550 851 quantumcunque
573 767 724 846 nobilem,
746 767 943 852 prudentem,
967 767 1098 834 divitem
1122 769 1299 835 admittunt

145 869 179 933 in
204 871 371 936 tertiorum
396 873 547 937 ordinem.
572 876 604 938 et
626 873 653 937 si
676 873 850 958 imperator
872 873 1047 958 praecipiat,
1071 875 1157 940 omni
1180 880 1297 940 conatu

146 977 181 1040 in
205 977 399 1042 contrarium
416 977 574 1057 laborant,
598 981 631 1043 et
645 1001 745 1064 usque
760 978 855 1044 bodie
870 983 902 1044 ct
917 981 957 1044 ab
973 979 1066 1044 initio
1081 979 1168 1045 illius
1184 981 1299 1045 statuti

144 1084 179 1146 et
201 1103 267 1146 suae
289 1082 428 1148 civitatis
460 1105 624 1168 nunquam
656 1083 793 1170 aliquem
825 1089 1027 1170 receperunt,
1060 1087 1115 1171 qui
1145 1085 1296 1152 sunitalis

144 1185 221 1250 fuit.
267 1186 367 1254 Credo
400 1187 483 1252 enim
508 1177 592 1272 qdod
615 1188 642 1252 si
665 1188 840 1273 imperator
872 1188 1010 1274 aliquem
1042 1189 1214 1256 zunltalem
1236 1188 1297 1256 Ul-

146 1313 288 1357 menscm
311 1291 497 1357 nobilitaret
519 1296 551 1356 et
566 1291 713 1358 comitem
728 1291 849 1369 faceret
864 1297 897 1358 et
912 1293 1013 1358 civem
1028 1315 1094 1359 esse
1109 1293 1195 1360 illius
1212 1293 1298 1360 tertii

147 1395 269 1462 ordinis
292 1397 488 1482 praeciperet,
510 1419 575 1463 non
598 1419 670 1462 cum
691 1398 896 1464 admitterent
916 1402 1073 1484 quantum
1095 1399 1128 1463 in
1145 1399 1190 1464 eis
1205 1403 1296 1465 esset.

145 1499 217 1565 Nec
238 1501 321 1566 filios
344 1524 418 1568 suos
441 1502 537 1567 etiam
560 1501 638 1567 alibi
661 1505 769 1582 natos,
803 1507 859 1567 aut
888 1503 981 1569 alteri
1004 1487 1127 1568 civitati
1149 1505 1295 1589 incorpo-

144 1611 245 1686 ratos,
268 1606 365 1672 etiam
388 1611 462 1692 post
477 1605 643 1671 decursum
664 1605 803 1690 plurium
820 1629 976 1673 annorum
998 1608 1032 1672 in
1053 1606 1222 1692 prefatum
1246 1631 1298 1674 or-

148 1710 256 1776 dinem
273 1712 458 1790 admittunt,
475 1711 503 1776 si
518 1709 689 1795 aliquando
707 1708 809 1776 Ulmae
823 1709 979 1798 zunftales
995 1711 1135 1778 fuerunt.
1168 1713 1298 1778 Alienos

146 1820 266 1896 autem,
289 1817 355 1882 sive
377 1815 455 1882 alibi
478 1815 612 1882 fuerunt
634 1814 790 1881 zunftales
813 1817 880 1882 sire
899 1821 1109 1884 antecessores
1125 1817 1298 1884 mechanici

145 1925 205 1986 aut
226 1923 358 1999 rurales,
382 1923 552 1988 dummodo
575 1921 715 1987 habeant
736 1943 799 2006 quo
821 1925 942 1987 statum
965 1923 1042 1988 civis
1065 1922 1152 1990 illius
1175 1923 1296 1989 ordinis

145 2027 261 2092 ducere
284 2031 411 2112 queant,
434 2028 620 2113 suscipiunt,
645 2031 682 2091 ut
704 2027 780 2092 dixi.

237 2132 329 2198 Illius
352 2139 457 2199 autem
480 2133 595 2199 statuti
616 2132 819 2217 municipalis
842 2154 936 2199 causa
957 2133 1124 2220 multiplex
1140 2133 1297 2221 assignari

147 2243 265 2323 potest

239 2341 347 2408 Prima
369 2349 417 2409 est
438 2344 511 2410 illa:
544 2345 578 2409 in
601 2344 758 2430 principio
781 2344 901 2429 politiae
924 2344 1063 2411 civitatis
1095 2351 1187 2412 erant
1216 2367 1299 2430 prae-

145 2446 297 2512 cellentes
319 2467 427 2513 omnes
451 2449 529 2514 meri
561 2449 699 2528 nobiles,
734 2471 813 2534 quos
842 2450 1017 2534 imperator
1046 2450 1151 2516 noluit
1181 2449 1298 2515 zunltis

144 2553 289 2629 subessa;
313 2573 457 2620 successu
472 2557 577 2619 autem
590 2555 741 2639 temporis
756 2554 883 2639 quidam
902 2555 940 2620 de
955 2553 1072 2620 zunltis
1088 2554 1297 2640 proficiebant

146 2657 317 2752 sapientia,
340 2659 509 2744 prudentia
532 2663 564 2724 et
586 2659 705 2724 divitiis
736 2681 831 2744 super
853 2660 977 2745 aliquos
999 2660 1138 2739 nobiles,
1171 2663 1203 2725 et
1233 2659 1298 2724 iam

145 2761 338 2828 recusabant
372 2765 500 2830 subesse
522 2764 639 2828 curritis
668 2769 701 2830 et
722 2765 757 2829 in
779 2764 884 2830 locum
912 2765 1069 2830 nobilium
1102 2765 1301 2830 conabantur

147 2869 326 2949 ascendere,
349 2874 382 2934 ct
404 2892 475 2934 cum
491 2869 613 2934 nobiles
631 2869 663 2934 id
677 2892 741 2934 non
757 2870 924 2936 admittere
940 2871 1068 2950 vellent,
1092 2875 1163 2935 orta
1177 2871 1299 2935 dissen-

147 2973 248 3052 sione,
271 2975 357 3040 faota
378 2975 441 3040 fuit
462 2975 620 3040 ordinatio
650 2975 708 3040 illa
735 2979 767 3041 et
800 2975 950 3060 prolege
980 2975 1140 3041 communi
1174 2975 1300 3040 decreto

147 3079 315 3144 consulum
339 3084 511 3164 acceptata.
689 3089 692 3096 '
1253 3097 1257 3106 “

238 3182 380 3250 Secunda
395 3207 489 3250 causa
503 3190 552 3250 est
566 3187 640 3250 illa:
656 3190 694 3250 ut
707 3185 876 3250 harmonia
891 3185 1030 3249 civitatis
1049 3183 1299 3248 indissolubilior

148 3289 249 3356 lieret.
296 3289 328 3356 Si
363 3291 446 3355 enim
476 3293 593 3376 passim
616 3291 771 3356 annitales
796 3289 935 3368 divitiis,
968 3289 1125 3375 sapientia
1154 3293 1187 3356 et
1207 3288 1298 3353 favo—

148 3394 239 3458 ribus
269 3395 470 3479 proficientes
503 3397 717 3482 reciperentur
740 3396 773 3459 in
807 3395 1000 3460 consortium
1034 3395 1189 3460 maiorum
1221 3399 1299 3460 natu

147 3499 277 3578 civium,
301 3501 525 3566 dissolveretur
540 3502 704 3587 regiminis
720 3501 897 3578 harmonia,
921 3501 996 3586 quia
1011 3501 1138 3586 quando
1157 3499 1168 3537 ¹
1190 3500 1301 3566 stetim

148 3604 267 3689 aliquis
290 3606 410 3670 videret
431 3629 465 3670 se
487 3607 647 3690 proficere,
670 3607 705 3670 in
728 3607 870 3671 ordinem
891 3606 1086 3691 primatuum
1109 3607 1299 3686 ascenderet,

147 3709 212 3774 nisi
234 3707 305 3794 legs
327 3709 508 3794 prohibitus
531 3711 736 3790 retineretur,
768 3711 843 3796 quia
866 3712 1056 3796 regulariter
1079 3711 1181 3776 omnis
1205 3709 1300 3776 homo

148 3818 201 3880 est
223 3815 263 3879 ad
285 3817 486 3880 crescendum
509 3821 541 3881 et
564 3817 814 3883 adscendendum
836 3818 1008 3883 inclinatus
1032 3817 1105 3900 (art.
1131 3817 1151 3881 4
1174 3815 1212 3880 de
1235 3819 1300 3880 tes·

148 3921 243 4002 tam.)
257 3917 279 3984 ¹.
324 3919 369 3985 Et
391 3943 499 3986 omnes
522 3922 664 3987 homines
687 3926 842 4006 appetunt
865 3923 1010 4001 honores,
1034 3927 1072 3987 ut
1097 3921 1174 3986 dicit
1192 3919 1300 3984 Philo-

139 4030 270 4110 ,sophns
303 4025 512 4112 6Topicor.,
546 4048 617 4092 cum
649 4027 805 4093 maximus
844 4025 1000 4092 bonorum
1033 4026 1226 4093 exteriorum
1258 4023 1302 4089 sit

718 4173 736 4210 *

224 4273 340 4341 lquam
359 4271 458 4328 statim
478 4271 545 4328 Golr,
566 4272 648 4328 Wdll.
670 4271 742 4327 Besa.
796 4273 890 4339 burg.
912 4275 926 4324 t
944 4269 1169 4328 di.secteWoll.
1206 4267 1299 4322 arti

152 4357 193 4414 di.
212 4361 287 4414 testa
306 4358 405 4414 Sobad,
427 4357 470 4414 ill.
507 4363 590 4417 arti
609 4359 646 4413 di.
668 4359 755 4414 Gesta
780 4359 851 4414 tlon.
870 4359 894 4411 2.
934 4359 998 4413 lde
1012 4361 1123 4414 testam.
1143 4357 1213 4412 Golr.
1227 4353 1301 4408 Besa.

153 4447 209 4500 Das
228 4445 307 4500 atat.
328 4445 400 4502 fehlt
419 4463 493 4516 gana
512 4447 555 4502 bei
577 4447 662 4502 Wibl.
682 4446 803 4500 Schmid.

206 4549 332 4594 'Prmtstus
346 4553 375 4594 de
390 4554 488 4595 stultate
502 4554 611 4596 alnensi.
1077 4556 1093 4608 5
