2996 4924
667 367 708 440 29

271 543 359 616 Sicut
381 547 437 616 lux
459 549 492 616 in
516 551 655 618 tenebris
677 550 821 617 velutin
844 531 936 616 nocte
958 545 1061 630 stella,

271 651 322 722 Sic
344 655 437 721 fulsit
460 657 545 722 inter
567 662 686 724 ceteras
708 657 831 722 sodales
856 656 914 721 hec
937 656 1052 741 puella.

207 779 249 818 ⁶³⁶
276 759 366 827 Sicut
387 762 473 827 inter
496 763 600 828 sidera
621 763 725 848 fulget
747 763 842 848 plena
864 762 950 841 luna,

274 865 326 932 Sic
349 867 434 932 luxit
457 867 542 932 inter
564 869 703 952 reliquas
726 869 866 952 virgines
889 867 947 932 hec
969 889 1042 930 una.

273 972 328 1039 Sol
352 974 444 1038 utin
468 973 649 1038 vernalibus
672 973 782 1038 diebus
805 973 1002 1050 coruscabat,

271 1077 322 1144 Ita
345 1101 401 1163 pre
424 1079 586 1144 sodalibus
608 1077 712 1144 Maria
734 1079 889 1144 radiabat.

271 1181 360 1248 Sient
382 1182 467 1250 inter
487 1185 595 1268 spinas
617 1185 698 1248 solet
717 1185 875 1269 pullulare
897 1203 979 1260 rosa,

112 1313 117 1320 ·
209 1306 246 1342 ⁶⁴⁰
273 1286 324 1352 Sic
346 1287 456 1352 floruit
479 1311 535 1372 pre
557 1288 668 1354 ceteris
692 1288 795 1354 Maria
818 1287 971 1373 gratiosa.

274 1391 319 1458 Ut
341 1414 398 1476 pre
420 1394 542 1458 cunctis
565 1393 696 1460 floribus
718 1393 822 1458 lilium
846 1391 1015 1470 candescit,

272 1497 323 1564 Sic
345 1499 430 1564 inter
452 1521 560 1564 omnes
585 1499 723 1582 virgines
744 1497 845 1564 Marte
869 1499 937 1562 laus
960 1497 1107 1571 nitescit;

275 1603 355 1669 Erat
377 1604 461 1670 enim
483 1603 623 1682 humilis,
647 1604 784 1688 prudens
807 1608 839 1668 et
865 1603 1010 1680 discreta,

275 1707 363 1774 Mitis
386 1714 419 1774 et
441 1709 597 1789 amabilis,
621 1709 777 1788 obediens,
800 1713 976 1774 mansueta.

215 1831 252 1868 Μ
278 1813 358 1878 Erat
380 1814 470 1893 valde
491 1811 616 1898 sapiens
639 1819 672 1878 et
694 1813 904 1897 disciplinata,

276 1918 383 2004 Atque
405 1918 469 1984 luit
490 1918 646 1984 universis
668 1919 841 1984 virtutibus
863 1921 988 1996 ornata,

276 2023 435 2104 Affabilis,
457 2024 646 2104 tractabilis,
669 2025 757 2090 mitis
779 2028 812 2089 et
834 2022 983 2108 benigna,
1036 2053 1041 2066 ·

275 2127 319 2194 tt
341 2129 557 2194 desiderabilis
580 2151 616 2194 ac
638 2129 726 2194 omni
747 2128 840 2194 laude
862 2128 970 2212 digna.

276 2231 385 2298 Dulcis
408 2238 441 2299 et
461 2234 639 2300 misericors
661 2233 724 2299 fuit
745 2238 778 2299 et
801 2235 925 2312 devota,

213 2354 252 2391 ⁸⁵⁰
277 2336 455 2423 Deditaqne
479 2338 625 2404 laudibus
648 2339 763 2404 divinis
786 2343 854 2403 erat
877 2341 955 2415 tota,

275 2440 352 2508 Fuit
374 2466 500 2529 quoque
521 2445 656 2529 sapiens,
679 2443 814 2528 simplex
837 2448 869 2508 et
891 2441 1016 2527 pudica,

276 2547 439 2615 Vitiorum
461 2550 603 2615 omnium
626 2549 689 2614 fnit
710 2549 849 2614 inimica.

278 2654 421 2722 Moribus
443 2655 627 2740 composita,
652 2653 825 2720 virtutibus
847 2656 971 2731 oruata,

278 2761 372 2826 Omni
394 2762 489 2845 plena
511 2761 618 2847 gratia
640 2759 705 2826 fuit
727 2761 884 2826 decorata.

215 2884 252 2921 ⁸⁵⁶
278 2864 434 2932 Omnibus
456 2866 617 2932 sodalibus
640 2888 674 2930 se
699 2865 881 2930 inferiorem

279 2968 472 3057 Reputabat,
495 2971 632 3058 singulis
654 2969 807 3036 exhibens
830 2969 993 3048 bonorem,

280 3077 387 3162 Atque
409 3099 481 3142 cum
504 3075 673 3161 obsequiis,
696 3075 790 3140 sicuti
812 3075 948 3154 valebat,

281 3180 413 3248 lllarum
435 3181 608 3248 amicitiam
631 3180 693 3246 sibi
716 3179 909 3245 attrahebat.

278 3285 429 3373 Ipsasque
451 3287 589 3354 servitiis
611 3285 732 3352 mutuis
754 3284 914 3370 prevenit;

219 3410 255 3447 ⁸⁸⁰
281 3391 332 3458 Sic
354 3393 485 3458 illarum
506 3393 648 3458 omnium
670 3391 811 3477 gratiam
832 3391 966 3468 invenit,

277 3497 366 3576 erod
389 3501 491 3584 ipsam
513 3497 720 3584 singulariter
742 3519 851 3562 omnes
874 3495 1062 3572 dilexerunt,

279 3603 387 3689 Atque
409 3603 588 3688 specialiter
610 3602 775 3668 laudantes
799 3602 991 3680 extulerunt,

280 3708 323 3774 Et
345 3731 414 3774 eam
436 3709 471 3772 in
492 3707 632 3772 maxima
653 3707 856 3772 veneratione

280 3810 463 3880 Terruerunt
485 3818 662 3879 reverentes
684 3835 757 3878 cum
779 3812 992 3878 dilectatione.

686 3945 704 3983 *

195 4055 247 4110 637
265 4053 388 4110 GundZ
406 4053 482 4112 lesen
500 4054 752 4110 innumerabilibus
769 4057 842 4110 statt
859 4039 1034 4120 vernalibus3
1053 4051 1143 4108 dieser
1161 4051 1270 4107 unrieh·

120 4143 208 4216 tigeri
227 4141 313 4198 lmart
330 4145 368 4198 ist
384 4143 456 4199 such
470 4143 600 4199 Waltber
621 4161 674 4199 ron
694 4141 821 4197 Rheinau
839 4141 958 4212 gefolgt.
