3072 4936
688 397 748 466 101

142 574 176 637 et
197 569 328 657 grandis
350 574 385 638 in
408 569 505 640 Ulma
526 573 560 638 in
584 575 735 660 praedicto
752 575 891 643 civitatis
909 575 1066 645 disturbio
1083 580 1237 668 assumpti
1260 579 1294 648 in

142 679 286 744 ordinem
308 679 425 745 civium
448 681 579 746 bertium
601 681 741 746 fuerunt.
788 681 864 747 Haeo
886 683 1010 749 familia
1026 691 1097 751 orta
1111 685 1174 752 fuit
1195 711 1214 752 a
1237 710 1295 752 no·

142 783 201 848 bili
225 789 257 850 et
280 785 413 871 antiqua
428 783 589 851 Ulmensis
606 787 744 851 civitatis
762 787 885 852 familia
900 811 971 873 quae
987 791 1151 856 dicebatur
1166 791 1296 858 illorum

142 889 180 954 de
212 889 298 955 Hall.
353 889 492 956 AEstimo
519 896 627 955 autem
656 889 858 958 Hallensium
890 898 922 960 et
954 893 1170 982 Kargensium
1199 921 1296 963 unam

144 995 244 1060 fuisse
266 997 408 1080 stirpem,
432 999 464 1060 et
486 996 589 1060 solum
611 1019 726 1061 nomen
743 997 875 1064 alicuius
898 1000 936 1064 de
958 999 1159 1066 Hallensium
1173 1001 1296 1068 familia

141 1099 242 1165 fuisse
263 1104 432 1182 mutatum,
457 1105 587 1186 propter
610 1101 677 1166 eius
693 1103 908 1184 tenacitatem,
933 1106 988 1190 qui
1005 1105 1107 1171 dictus
1123 1105 1188 1171 fuit
1202 1107 1294 1193 karg,

144 1205 229 1290 quod
251 1206 336 1270 idem
358 1210 406 1271 est
429 1206 512 1291 quod
536 1209 642 1271 tenax.
687 1205 855 1274 Proximus
878 1214 985 1274 autem
1004 1209 1096 1298 Karg
1118 1212 1221 1278 dictus
1237 1211 1295 1278 Jo-

142 1310 264 1377 lrannes
288 1333 417 1377 uxorem
441 1311 555 1376 habuit
577 1309 741 1399 Unsorgin
770 1313 886 1378 dictam
917 1337 973 1400 per
996 1316 1179 1401 oppositum
1201 1317 1292 1402 larg,
1390 1385 1394 1392 ,

142 1437 279 1502 quorum
301 1417 405 1483 adhuc
426 1422 597 1502 supersunt
618 1418 723 1502 proles
746 1418 918 1484 defectiva,
964 1421 1118 1486 Extincto
1136 1427 1186 1486 est
1209 1424 1293 1488 enim

141 1545 232 1607 paene
254 1521 311 1587 illa
333 1521 546 1608 Kargeusium
569 1519 702 1602 familia,
726 1523 809 1586 sicut
831 1525 863 1587 et
886 1522 1059 1589 multarum
1074 1525 1209 1590 aliarum
1232 1551 1293 1592 no-

140 1626 255 1693 bilium
278 1627 482 1713 antiquarum
505 1625 708 1707 familiarum,
731 1629 769 1691 ut
783 1627 906 1692 familia
927 1627 1127 1694 Hallensium
1144 1653 1214 1715 quae
1237 1655 1295 1717 po-

140 1737 212 1798 tens
234 1733 269 1798 in
290 1729 388 1798 Ulma
410 1735 488 1811 erat,
511 1735 544 1796 et
566 1731 690 1796 familia
711 1729 878 1812 Arlabuli,
904 1731 1048 1814 Gassolt,
1074 1733 1196 1816 Kelbli,
1226 1735 1293 1803 Un-

140 1859 268 1924 sorgen,
291 1837 441 1922 Pyrman,
462 1835 660 1921 Byberbach,
682 1835 852 1917 Lebzelter,
874 1837 1004 1916 Aulber,
1028 1838 1158 1919 Glitwil,
1181 1839 1292 1907 Grem-

141 1945 258 2030 linger,
281 1941 460 2022 Hundflies,
485 1940 534 2007 Im
557 1941 644 2021 Hoff,
668 1943 779 2024 Becht,
804 1943 932 2024 Hutter,
949 1943 1076 2030 Hngen,
1093 1945 1222 2032 Reyser,
1240 1947 1295 2012 Fi-

142 2050 276 2128 nacken,
300 2045 429 2134 Spligel,
453 2045 612 2112 Firabcnd
630 2045 650 2114 ¹.

600 2205 839 2272 Rembold².

232 2345 512 2412 Remboldensium
535 2350 681 2410 ornatam
705 2351 879 2429 vetustate,
903 2349 1042 2415 nobilem
1067 2350 1247 2416 familiam⁸
1279 2373 1297 2416 e

142 2453 332 2539 Laugingen
355 2451 499 2517 mersisse
513 2451 543 2529 ⁴,
574 2473 651 2515 aevo
673 2456 783 2516 nostro
814 2453 1095 2538 deprehendimus,
1127 2453 1296 2540 Ulmaeque

141 2560 176 2624 in
200 2559 318 2624 civium
339 2555 428 2623 tertii
452 2555 572 2621 ordinis
595 2557 779 2622 societatem
801 2559 953 2624 insertam
977 2583 1044 2626 esse
1066 2561 1192 2626 scimus.
1232 2583 1296 2646 qua

142 2665 307 2731 occasione
336 2669 443 2728 autem
472 2661 624 2746 oppidum
655 2661 843 2748 Langingen
875 2664 1119 2750 dereliquerint,
1151 2667 1295 2730 incautos

141 2771 227 2836 cives
250 2769 355 2855 legere
376 2767 481 2848 velim,
505 2772 661 2852 quatenus
676 2767 903 2853 intelligerent,
927 2771 1076 2855 quamde
1099 2771 1185 2837 facili
1202 2793 1296 2836 causa

140 2875 327 2953 harmonia,
350 2873 491 2958 regimen
522 2875 555 2936 et
576 2871 689 2956 politia
711 2873 806 2939 etiam
835 2875 1072 2941 ordinatissima
1095 2875 1289 2956 dissolvitur,

141 2979 350 3045 confunditur
381 2983 413 3042 et
436 2977 605 3042 desolatur.
656 2975 772 3043 Relatu
802 2979 1007 3065 antiquorum
1039 2985 1071 3046 et
1102 2981 1293 3065 prudentum

141 3085 238 3150 didici
261 3084 412 3168 oppidum
434 3082 622 3167 Laugingen
645 3105 712 3148 esse
740 3083 989 3149 vetustissimum
1021 3107 1040 3149 a
1071 3085 1208 3169 quodam
1235 3085 1296 3149 im·

142 3193 290 3274 peratore
305 3189 458 3253 donatum
474 3186 583 3253 abbati
598 3189 636 3254 de
651 3188 762 3254 Fulda.
804 3190 849 3255 Et
871 3195 944 3275 post
959 3191 1065 3274 plures
1082 3211 1181 3255 annos
1197 3191 1296 3254 abbas

140 3295 222 3358 illud
246 3293 383 3358 contulit
403 3315 462 3377 pro
484 3293 577 3358 xenio
600 3293 738 3378 nuptiali
770 3295 902 3360 ducissae
924 3293 1088 3375 Bavariae,
1120 3295 1167 3359 ita
1189 3299 1296 3360 tamen

713 3433 729 3470 *

214 3515 228 3567 1
251 3509 385 3566 Arbabull
407 3509 505 3565 Schsd.
531 3509 616 3564 Wibl.
654 3511 783 3565 Arbabus
809 3511 878 3568 Gali.
904 3511 977 3567 Besa.
1021 3509 1146 3566 Arlabuss
1172 3511 1244 3567 Mon.
1271 3513 1295 3566 2.

143 3599 310 3658 Arbabusch
330 3599 450 3653 Schmid.
503 3597 616 3653 Gassolt
636 3599 756 3652 Schmid.
776 3598 861 3653 Wibl.
880 3598 923 3652 Kl.
959 3597 1071 3654 Gossolt
1086 3599 1158 3656 Mon.
1172 3599 1195 3653 2.
1218 3599 1290 3653 Besa.

142 3689 258 3743 Pirman
276 3687 345 3742 Golr.
364 3687 438 3742 Bas.
521 3685 676 3742 Bibarbach
695 3687 763 3743 Golr.
783 3687 873 3742 Solum.
895 3687 979 3741 Wibl.
998 3687 1071 3742 Besa.
1150 3685 1293 3742 Lebceltsr

142 3775 245 3831 Schad.
316 3773 423 3830 Gutwil
442 3773 510 3830 Gok.
547 3774 677 3829 Guttwill
703 3775 801 3830 Schad.
828 3775 869 3828 Kl,
899 3773 1018 3830 Schmid.
1044 3773 1129 3828 Wibl.
1201 3773 1292 3829 Grim-

142 3866 236 3934 linger
261 3863 322 3918 Gok
355 3863 428 3918 Bess.
506 3861 638 3916 Hundfies
663 3863 761 3917 Sohad.
788 3863 830 3916 Kl.
858 3861 979 3916 Schmid.
1031 3861 1180 3916 llundlliess
1207 3861 1296 3916 Wibl.

143 3951 283 4006 Hiuntfles
302 3951 337 4022 (l)
356 3951 429 4006 Mon.
442 3951 467 4004 2.
521 3951 563 4004 lm
575 3949 716 4006 HofBess.
765 3951 868 4004 Hfitter
885 3949 953 4004 Golr.
968 3947 1040 4003 Besa.
1080 3949 1167 4004 lldter
1182 3949 1255 4004 tlon.
1270 3951 1293 4004 2.

144 4039 209 4108 llug
229 4037 300 4095 tlon.
320 4039 344 4093 ⁴2.
384 4037 497 4101 Hutten,
516 4037 616 4108 Hagen
636 4036 680 4092 Kl.
740 4037 834 4092 Reiser
852 4035 965 4092 Schmid
993 4035 1061 4092 Gor.
1084 4035 1152 4091 Boas.
1191 4035 1294 4092 Reider

144 4127 230 4182 Wibl.
303 4126 414 4197 Spiegel
433 4125 506 4182 Mon.
525 4127 549 4180 2.
621 4124 795 4180 Fiuarckhen
815 4124 900 4180 Wibl.
972 4123 1111 4178 lirabend
1129 4123 1199 4179 Golr.
1221 4123 1294 4180 Besa.

142 4213 268 4270 Furabet
296 4213 393 4268 Schad.
423 4213 466 4267 Kl.
495 4213 623 4269 Schmid.·
692 4213 807 4268 Firabet
834 4213 905 4269 Mon
935 4217 958 4267 2.
995 4211 1121 4266 Fdrubot
1148 4211 1184 4283 (l)
1211 4211 1295 4267 Wibl.

143 4303 160 4356 2
174 4300 308 4358 Rembolt
320 4299 419 4356 Schad.
456 4301 607 4357 Remboldt
620 4300 740 4356 Schmid.
772 4301 812 4354 lle
827 4299 1075 4356 Remboldensibns
1095 4301 1166 4356 Mon.
1182 4300 1206 4354 2.
1226 4298 1295 4354 Gor.

143 4391 161 4447 3
179 4395 284 4447 ornata
302 4391 445 4444 vetustate
464 4387 566 4445 nobilis
584 4387 697 4444 familia
717 4389 789 4444 llon.
814 4389 837 4442 2.
862 4385 960 4441 Schud.
988 4385 1108 4441 Schmid.
1135 4385 1203 4442 Golr.
1224 4387 1298 4442 Besa·

142 4481 160 4535 4
178 4496 209 4536 so
228 4477 321 4533 haben
340 4477 397 4532 alle
416 4493 483 4543 ms.;
500 4475 553 4534 soll
573 4477 715 4532 vielleicht
734 4473 836 4532 heillen
855 4473 1005 4530 emersisse.

197 4581 325 4626 urnulas
340 4583 369 4625 do
383 4583 480 4626 duaco
494 4585 603 4627 alnensi.
1070 4579 1086 4636 7
