3072 4936
794 355 860 421 146

254 533 349 598 bodie
371 534 508 612 maiora,
542 553 639 616 quam
660 535 735 594 ante
758 529 964 614 septuaginta
986 549 1097 607 annos,
1121 529 1209 592 etin
1234 529 1301 593 dies
1325 549 1409 592 ersa·

254 644 350 718 cunt,
382 638 458 722 qnia
486 659 550 700 non
580 641 706 700 tantum
728 635 879 699 laborant
911 657 970 719 pro
1003 635 1142 713 civibus,
1172 635 1226 699 sed
1256 657 1316 719 pro
1339 639 1408 699 tota

254 742 390 820 Suesia,
417 743 510 806 etad
535 742 728 826 longinquas
751 745 858 824 partes
882 739 1084 804 Ulmensium
1116 761 1235 804 merces
1258 745 1291 805 et
1315 763 1410 824 opera

180 848 247 926 311,
257 849 452 913 deferuntur.
498 845 572 910 Duo
595 851 702 910 autem
716 845 1005 928 improportionata
1027 845 1163 910 artificia
1186 849 1218 909 et
1235 846 1327 929 quasi
1352 867 1409 930 pro

254 954 355 1018 nihilo
387 955 573 1035 computata
606 952 689 1014 fiunt
710 951 744 1013 in
767 949 883 1030 Ulma,
914 971 986 1034 quae
1016 949 1112 1034 longe
1135 951 1265 1034 lateque
1286 951 1409 1035 disper-

254 1064 395 1143 guntur,
430 1057 551 1122 scilicet
582 1057 673 1139 panis
708 1054 855 1118 sacrificii
888 1059 921 1119 et
953 1055 1073 1119 chartae
1095 1055 1172 1120 ludi.
1205 1055 1304 1119 multi
1326 1057 1408 1120 enim

252 1169 394 1249 coquunt
408 1163 540 1240 hostias,
563 1183 679 1245 easque
704 1161 738 1223 in
755 1160 853 1244 Alpes
874 1159 1021 1225 defernnt
1043 1183 1143 1244 nsque
1165 1160 1205 1224 ad
1221 1159 1408 1240 Pontinum,

254 1269 427 1334 Bolsanum
449 1275 482 1331 et
498 1267 695 1332 Tridentum.
719 1264 764 1328 sic
787 1271 819 1330 et
842 1266 978 1330 faetores
1001 1271 1034 1330 et
1064 1266 1201 1349 pictores
1223 1265 1409 1330 chartarum

253 1379 303 1438 tot
336 1379 412 1438 sunt
445 1374 479 1436 in
504 1371 618 1451 Ulma,
652 1377 689 1436 nt
711 1373 745 1434 in
777 1371 861 1434 vasis
893 1371 1020 1434 chartas
1051 1371 1183 1434 mittant
1211 1371 1244 1434 in
1268 1369 1410 1450 Italiam,

252 1477 395 1544 Siciliam
417 1482 450 1542 et
472 1479 505 1541 in
528 1481 686 1541 extremas
709 1475 830 1539 insulas
854 1476 973 1554 maris,
1004 1481 1036 1540 et
1058 1476 1098 1540 ad
1120 1497 1246 1540 omnem
1268 1475 1409 1562 plagam

254 1584 357 1648 Taceo
372 1584 411 1648 de
427 1581 599 1646 vasconicis
613 1581 624 1616 ¹
646 1586 680 1645 et
701 1581 772 1644 aliis
788 1580 945 1663 pluribuS,
973 1603 1044 1663 quae
1059 1579 1100 1645 ab
1115 1579 1214 1646 Ulma
1227 1581 1261 1644 in
1277 1582 1412 1646 ultimas

252 1689 363 1753 mundi
387 1688 531 1773 regiones
554 1685 751 1751 deferuntur.
798 1685 880 1750 Sunt
913 1707 990 1769 ergo
1012 1685 1047 1748 in
1069 1683 1168 1749 Ulma
1196 1689 1246 1748 tot
1269 1690 1302 1750 et
1326 1687 1412 1750 tanti

254 1794 417 1873 homines,
450 1797 530 1878 quot
552 1797 584 1856 et
607 1791 720 1876 quanti
742 1796 819 1855 sunt
850 1791 884 1854 in
915 1790 1076 1874 aliquibus
1099 1790 1286 1876 civitatibus
1309 1791 1411 1875 duplo

254 1898 437 1978 maioribna
461 1921 525 1962 non
549 1898 625 1982 qnia
646 1898 730 1963 bona
752 1897 795 1961 ait
817 1901 850 1960 et
864 1895 1031 1959 fructuosa
1052 1896 1142 1979 regio
1165 1895 1250 1959 circa
1266 1893 1410 1973 Ulmam,

254 2008 290 2068 ut
312 2027 350 2068 ex
373 2009 468 2068 terrae
490 2005 694 2069 nascentibus
716 2027 750 2068 ss
772 2003 933 2084 nutriant,
957 2003 1011 2068 sed
1035 2001 1201 2088 quinque¹
1225 2008 1310 2084 sunt,
1337 2027 1411 2088 quae

254 2109 293 2172 ad
316 2107 555 2174 multitudinem
578 2109 667 2174 illam
689 2109 821 2174 faciunt.

342 2212 483 2278 Primum
507 2218 555 2278 est
579 2214 655 2299 quia
670 2215 782 2279 civitas
805 2219 837 2279 et
853 2215 1064 2279 communitas
1087 2214 1121 2277 in
1144 2235 1178 2278 se
1193 2212 1348 2290 abundat,
1372 2219 1412 2277 11

253 2341 291 2383 ex
307 2319 524 2404 superioribus
540 2323 638 2404 patet,
662 2325 694 2384 et
711 2343 767 2404 per
779 2341 972 2403 consequens
988 2319 1084 2383 etiam
1109 2319 1193 2383 cives
1208 2318 1411 2382 abundantes

253 2431 338 2488 sunt.
362 2426 432 2490 ideo
455 2425 562 2508 plnres
584 2428 719 2508 possunt
740 2425 785 2488 111
808 2425 938 2489 nutriri.

207 2599 210 2604 ,
340 2528 517 2594 Secundum
541 2534 589 2594 est
613 2531 688 2614 quia
710 2529 834 2594 institia
850 2529 983 2614 pauperi
1004 2533 1037 2593 et
1052 2529 1201 2614 inopifit
1215 2529 1301 2593 31111
1315 2529 1410 2594 diviti

254 2637 286 2696 et
308 2634 418 2698 nobili.
443 2635 504 2699 hoo
527 2635 611 2698 enim
634 2635 792 2719 praeconio
816 2635 941 2719 antiqui
957 2632 1124 2699 Ulmenses
1147 2635 1225 2698 clari
1241 2633 1410 2699 habeban-

253 2741 320 2816 tnr;
339 2739 421 2803 nnde
436 2739 543 2803 andivi
560 2761 579 2803 a
595 2739 732 2823 quodam
747 2761 831 2818 sene,
853 2739 938 2824 quod
953 2739 1113 2823 quondam
1131 2739 1261 2822 qnidam
1277 2759 1408 2803 cansam

254 2841 368 2906 habuit
390 2847 501 2906 contra
516 2842 625 2922 alium,
649 2865 721 2926 quae
744 2865 800 2926 per
822 2844 941 2908 iudices
957 2840 1125 2908 Ulmenses
1149 2845 1181 2906 et
1204 2863 1407 2908 communem

252 2949 451 3012 consulatum
467 2948 670 3013 determinari
685 2949 813 3014 deberet
833 2953 906 3034 post
921 2949 1045 3012 auditas
1070 2953 1187 3033 partes.
1226 2948 1278 3013 die
1301 2953 1409 3014 autem

252 3052 447 3135 praecedente
469 3051 621 3116 iudicium
651 3075 732 3118 unus
754 3051 883 3118 illorum
907 3075 1038 3137 porcum
1062 3053 1247 3138 saginatum
1269 3055 1410 3118 circum-

252 3157 343 3220 duxit
374 3156 414 3221 ad
437 3155 542 3240 plures
572 3157 681 3222 domos
715 3158 900 3238 consulum,
935 3157 1077 3223 iudicum
1111 3163 1144 3222 et
1176 3159 1408 3244 magistrorum

253 3263 444 3342 zunftarum,
468 3260 599 3325 cuilibet
622 3283 694 3326 eum
710 3264 843 3328 offerens
866 3269 904 3327 ut
926 3265 959 3327 in
975 3267 1067 3348 parte
1090 3285 1148 3328 sua
1166 3267 1249 3328 esset
1271 3265 1306 3328 in
1323 3265 1409 3329 iudi-

253 3368 312 3446 cio,
335 3367 389 3432 sed
413 3389 520 3432 omnes
544 3389 615 3430 eum
639 3389 710 3432 cum
733 3391 828 3451 porco
851 3367 1046 3452 repulerunt.
1071 3369 1178 3454 sicque
1201 3369 1330 3434 reduxit
1352 3368 1409 3434 ille

183 3486 242 3567 3¹„
253 3495 384 3556 porcum
406 3473 440 3536 in
456 3469 624 3556 Ursperg³
648 3472 731 3536 unde
746 3477 825 3551 erat,
849 3477 881 3537 st
901 3473 1120 3556 incorruptam
1142 3475 1263 3558 recepit
1277 3478 1407 3538 senten-

252 3579 340 3642 tiam.
387 3577 520 3661 Propter
551 3577 639 3640 illam
670 3577 767 3640 etiam
796 3575 915 3641 claram
948 3577 1106 3641 iustitiam
1138 3578 1216 3642 olim
1248 3579 1353 3643 diaetae
1375 3583 1407 3643 et

253 3683 516 3768 congregationes
538 3685 570 3745 et
586 3682 829 3765 disceptationes
845 3683 1035 3767 principum,
1058 3682 1215 3747 nobilium
1232 3687 1266 3747 et
1290 3685 1405 3748 eivita-

251 3787 389 3850 tensium
400 3809 506 3851 coram
520 3785 724 3852 Ulmensibus
736 3787 865 3866 fiebant,
882 3793 914 3852 et
930 3809 1039 3852 eorum
1051 3788 1167 3852 iudicio
1183 3809 1220 3852 ac
1231 3788 1402 3852 sententiis

818 3965 834 3999 ss

324 4068 335 4119 l
352 4064 503 4120 vestaniois
516 4067 596 4122 Gold.
611 4071 651 4123 ut.
671 4068 723 4122 mit
735 4067 784 4122 der
796 4086 856 4123 var.
867 4068 930 4122 lect.
944 4066 1098 4122 vasconicis
1111 4067 1255 4136 (letateres
1269 4068 1323 4122 hat
1335 4071 1405 4123 stete

251 4153 322 4207 auch
341 4151 479 4222 Schmid.)¹
571 4155 662 4210 2tria
682 4155 753 4210 Mon.
776 4157 797 4209 l.
820 4153 1107 4210 K1.Wibl.80hmid.
1133 4153 1235 4208 ebenso
1256 4153 1339 4209 hatte
1359 4175 1405 4209 ur·

252 4239 416 4310 sprunglich
436 4241 505 4304 Sub,
524 4242 646 4310 quinque
664 4243 715 4296 hat
733 4260 786 4296 nur
798 4259 827 4296 or
847 4241 904 4296 und
918 4241 999 4297 Gold.
1019 4243 1060 4296 11.
1132 4243 1149 4296 3
1170 4239 1302 4310 Uraberg,
1325 4243 1402 4298 abtei

252 4327 360 4381 aiidlich
382 4345 435 4383 von
456 4327 576 4397 Bnrgan,
597 4347 634 4382 an
652 4328 702 4382 der
720 4328 834 4392 Mindel,
854 4329 980 4383 westlioh
1000 4345 1055 4384 von
1073 4329 1292 4383 Thannhausen.
