3080 4938
728 341 765 406 11

168 517 260 580 extra
292 514 431 582 insulam
461 515 496 580 iu
526 516 647 582 curiam
674 516 843 600 prefatam
874 516 1001 582 devenit
1030 521 1062 582 at
1095 517 1185 584 miles
1219 519 1323 588 factus

170 619 360 685 arduissima
381 620 491 705 gessit,
512 623 665 686 maternae
693 619 913 687 bellicositatis
935 620 1035 686 haeres
1058 622 1198 690 effectus.
1244 625 1320 692 Ore·

167 726 255 792 ditur
269 731 377 792 autem
392 730 534 810 tempore
549 725 749 792 Amazonum
763 747 888 792 sacrum
904 725 1079 792 maximum
1102 727 1199 794 fuisse
1216 728 1321 798 Ulmae

163 833 258 917 juxta
280 831 410 911 fontem,
435 831 491 917 qui
507 830 624 896 dicitur
639 831 678 896 ad
694 831 843 917 antiquas
859 851 976 898 caunas
992 833 1066 916 (uun
1089 834 1178 900 alten
1192 836 1320 920 rdhran)

166 942 200 1002 et
221 936 300 1002 clim
331 937 553 1002 densissimum
583 937 691 1002 lucum
713 937 760 1002 ibi
792 937 906 1016 fuisse,
938 959 1011 1002 nam
1043 937 1134 1002 iuxta
1165 961 1320 1024 aquarum

166 1042 348 1126 eruptiones
382 1046 415 1108 ct
448 1041 617 1108 fluminum
648 1041 858 1107 confluentiae
897 1042 1097 1127 exercebant
1120 1045 1256 1130 auguria
1289 1050 1321 1112 et

167 1146 354 1233 quaerebant
368 1171 389 1212 a
405 1147 466 1213 diis
482 1168 644 1232 responsa,
667 1146 744 1232 quia
758 1150 901 1212 errantes
916 1168 989 1211 cum
1005 1145 1107 1212 Thale
1127 1147 1318 1234 philosopho

166 1252 325 1338 putabant
346 1275 463 1338 aquam
485 1274 552 1318 esse
575 1273 681 1318 rerum
703 1251 916 1337 principium,
948 1256 980 1318 et
1002 1274 1155 1319 maenum
1177 1256 1318 1322 omnium

166 1361 291 1442 patrem
313 1361 346 1422 et
368 1356 479 1437 deum,
503 1361 536 1423 et
558 1358 665 1423 omnia
695 1357 829 1422 flumina
850 1362 883 1423 et
905 1356 1010 1423 fontes
1040 1358 1106 1423 sius
1137 1381 1204 1424 esse
1236 1361 1318 1426 filios

166 1468 199 1528 ct
213 1461 308 1542 filias,
331 1466 364 1528 et
381 1462 499 1528 habere
514 1462 654 1528 animam
668 1467 701 1527 et
717 1463 818 1528 vitum
832 1484 951 1547 aquam
966 1461 1145 1543 credebant,
1170 1467 1202 1529 et
1217 1464 1319 1530 inesse

163 1567 209 1632 eis
232 1565 373 1632 divinam
388 1571 536 1646 mentem,
559 1567 636 1651 quia
658 1565 809 1634 videbant
832 1568 916 1652 quod
938 1567 973 1632 in
995 1567 1152 1648 omnibus,
1176 1572 1318 1635 cessante

166 1671 360 1736 humiditate
375 1675 408 1736 et
422 1669 586 1736 deficiente
601 1671 733 1757 uligine,
748 1671 893 1738 cessabat
908 1671 985 1750 vita,
1002 1676 1034 1738 et
1048 1671 1169 1758 absque
1184 1673 1317 1740 humore

165 1777 213 1844 nil
235 1777 328 1862 gigni
350 1777 522 1842 cernebant
544 1797 601 1842 nec
625 1776 711 1842 nasci
734 1799 835 1861 posse
881 1775 957 1842 Ideo
980 1777 1014 1842 in
1029 1782 1187 1861 potestate
1210 1779 1317 1846 humi·

165 1881 278 1948 ditatis
295 1881 402 1946 omnia
417 1881 565 1947 dicebant
579 1882 758 1946 consistere.
800 1879 1009 1967 Quapropter,
1025 1889 1062 1947 ut
1077 1883 1155 1964 dixi,
1173 1883 1207 1948 in
1223 1906 1318 1969 erup-

169 1988 312 2054 tionibus
336 2009 491 2073 aquarum
524 1987 655 2052 stabant
685 2009 818 2071 eamque
841 1991 1042 2054 emanantem
1072 1991 1236 2074 tamquam
1268 1989 1317 2055 dei

163 2094 269 2160 filiam
292 2093 397 2158 vivam
428 2091 675 2177 alloquebantur
704 2097 737 2156 et
764 2113 915 2177 responsa
943 2092 1109 2176 petebant,
1143 2115 1214 2179 quse
1236 2116 1318 2158 non·

163 2221 329 2284 nunquam
345 2203 461 2283 agente
477 2196 604 2264 diabolo
617 2195 812 2282 recipiebant
824 2201 857 2262 et
868 2197 1006 2262 visiones
1018 2196 1177 2263 videbant.
1214 2196 1316 2279 Unde,

163 2308 201 2369 ut
235 2307 357 2370 taceam
387 2303 591 2388 antiquorum
620 2323 759 2381 errores,
793 2325 860 2368 aevo
891 2302 992 2394 nostri
1023 2304 1176 2387 temporis
1209 2304 1317 2370 delirae

166 2407 361 2474 mulierculae
384 2411 530 2474 asserrmt
549 2405 669 2492 absque
683 2407 799 2474 ruhore
815 2408 932 2488 vultus,
957 2431 995 2474 ex
1010 2409 1102 2474 hiatu
1118 2407 1216 2474 fontis
1231 2410 1316 2475 anti-

164 2535 302 2598 quarum
324 2535 498 2578 cannarum
521 2513 766 2578 formosissimas
789 2513 937 2579 mulieres
960 2513 1087 2598 prodire
1102 2517 1134 2579 et
1148 2514 1315 2580 ascendere

162 2641 221 2704 per
242 2618 360 2704 medus
383 2623 497 2698 noctu,
531 2615 725 2704 Ulmamque
748 2619 933 2705 pervagari,
963 2619 1018 2685 sed
1049 2640 1113 2703 quo
1143 2619 1263 2686 vadant
1284 2622 1317 2684 et

162 2723 241 2810 quid
263 2729 363 2809 agant
385 2745 450 2790 non
471 2723 598 2808 publice
621 2724 809 2809 pradicant,
841 2725 895 2792 sed
923 2725 1048 2792 occulta
1068 2724 1131 2790 fide
1152 2725 1314 2808 poetiaaut

164 2830 314 2908 dicentes,
336 2851 389 2895 eas
411 2829 446 2894 in
468 2829 655 2914 obsequium
676 2829 769 2894 liberi
783 2831 884 2915 patris
901 2829 1017 2895 Bacchi
1033 2829 1151 2894 cubilia
1164 2827 1312 2908 lustrare,

163 2940 202 3002 ut
224 2935 281 3000 ubi
303 2933 421 3000 Bacchi
443 2934 595 3000 virtutem
618 2935 820 3000 imminutam
839 2933 848 2970 ¹
876 2934 1071 3014 invenerint,
1104 2932 1314 2998 ministrando

165 3037 391 3106 humiditatem
414 3059 559 3104 veneram
575 3039 734 3124 adjuvent.
760 3061 871 3104 verum
885 3038 946 3104 etsi
960 3037 1153 3103 muliercula
1168 3037 1233 3102 illae
1249 3060 1314 3102 uon

55 3155 58 3160 '
163 3146 211 3211 ita
234 3143 318 3209 clara
340 3143 520 3230 exprimant
542 3144 695 3229 mysteria
717 3144 860 3228 poetica,
890 3164 958 3208 rem
988 3146 1096 3208 tamen
1117 3143 1221 3228 magis
1244 3146 1314 3206 tur-

164 3249 249 3336 piter
272 3249 419 3314 enodant.
465 3245 533 3314 Has
555 3247 691 3314 feminas
715 3247 863 3314 dicebant
885 3247 1011 3333 antiqui
1034 3268 1101 3312 esse
1116 3245 1198 3312 filias
1214 3243 1311 3312 Nerei

164 3359 198 3420 et
212 3353 351 3434 Doridis,
367 3353 506 3438 prolium
521 3351 647 3420 Oceani.
664 3356 696 3418 et
711 3350 960 3418 nominabantur
975 3348 1127 3416 Nereides
1142 3349 1313 3435 Nympha,

162 3481 243 3545 quas
266 3457 435 3524 Amazonas
457 3457 613 3538 colebant,
637 3463 673 3524 ut
688 3458 808 3524 dictum
831 3461 888 3523 est.
931 3456 984 3521 Ex
1000 3455 1063 3521 hiis
1085 3476 1162 3541 ergo
1177 3455 1314 3521 habetur

161 3564 309 3630 naturale
331 3562 523 3648 principium
545 3562 606 3628 loci
629 3563 768 3628 civitatis
783 3560 945 3629 Ulmensis
968 3565 1001 3627 et
1023 3561 1188 3646 opinatum
1212 3560 1312 3644 ipsius

161 3670 304 3738 civitatis
327 3669 465 3734 initium.

251 3773 397 3842 Ulterius
420 3773 508 3838 aliud
539 3773 731 3860 principium
760 3773 899 3838 civitatis
932 3771 1082 3838 ulmensis
1116 3771 1245 3856 quidam
1274 3795 1312 3838 ex

162 3882 292 3948 nomine
308 3881 374 3965 ejus
388 3884 574 3965 posuerunt,
592 3880 730 3946 dicentes
746 3879 829 3944 olim·
838 3877 937 3944 fuisse
951 3881 1063 3964 gentes
1077 3898 1167 3942 oram
1182 3875 1311 3942 Balthei

163 3986 261 4052 maris
283 3985 458 4052 incolentes
481 3988 513 4050 et
541 3989 693 4070 utrasque
715 3985 801 4070 ripas
816 3981 953 4050 Vistula
975 3987 1009 4049 et
1023 3981 1179 4068 Hystulae.
1217 3981 1312 4049 Dice·

727 4191 745 4230 *

232 4325 377 4398 lrirgun
400 4325 572 4380 inmunitam
595 4323 669 4380 Mon.
694 4324 719 4380 2.
762 4321 896 4378 virtutem
925 4321 1105 4378 immunitam
1133 4319 1231 4377 Sahad.
1258 4319 1309 4376 nh.

162 4414 205 4470 ln
226 4415 362 4470 virtum
386 4411 568 4469 imminutam
587 4411 674 4466 Wibl.
697 4409 766 4468 eoa.
786 4409 860 4467 Besa.
896 4409 963 4466 Hier
982 4410 1101 4482 beginnt
1117 4409 1175 4466 cod.
1189 4407 1309 4463 Schmid.
