3080 4938
813 349 855 415 20

229 503 378 591 ⁸Petri1
409 529 443 590 et
466 547 591 590 murum
614 529 683 590 erat
706 531 861 612 angustus
885 525 1055 604 transitus,
1088 525 1195 610 sicque
1224 548 1335 591 murus
1357 548 1409 591 ex·

252 635 370 695 ,tensus
391 651 449 714 per
471 629 576 694 locum
598 629 737 694 medium
759 629 889 694 illarum
911 621 1077 694 domorum
1092 628 1227 695 loannis
1248 629 1408 718 Giengers,
1519 705 1520 710 γ

262 733 441 800 Sebastiani
463 732 593 814 Liebers
608 755 709 818 usque
724 733 764 798 ad
779 734 908 798 domum
924 733 1001 798 dicti
1016 732 1123 813 Wick,
1147 755 1219 819 quae
1234 737 1282 799 est
1297 733 1410 798 ultima

262 841 297 904 in
319 841 377 906 illo
400 840 566 906 domorum
589 839 700 904 ordine
731 861 769 904 ex
792 839 938 924 opposito
961 839 1073 904 domus
1096 837 1234 904 Conradi
1256 837 1359 904 Rentz
1380 842 1411 904 et

263 947 375 1010 domus
397 945 598 1011 dominarum
622 945 660 1010 de
682 945 929 1032 congregatione
951 945 1058 1010 Btiren
1073 943 1097 1010 ².
1141 944 1187 1010 Et
1208 945 1243 1009 in
1263 943 1334 1010 loco
1356 944 1411 1009 do-

261 1073 332 1116 mus
355 1049 452 1116 Wiclr
474 1049 697 1115 reflectebatur
719 1050 852 1116 ulterius
868 1072 977 1114 murus
992 1053 1105 1115 contra
1130 1049 1335 1129 occidentem,
1358 1049 1411 1113 de-

261 1157 383 1222 clinans
406 1162 517 1220 contra
541 1155 646 1219 locum
669 1154 724 1219 ubi
746 1175 830 1218 nunc
853 1154 965 1218 domus
987 1152 1119 1238 Caspari
1148 1151 1345 1218 Liebharts⁸
1374 1175 1412 1218 ex

261 1261 408 1347 opposito
431 1261 543 1325 domus
569 1257 671 1324 Ulriei
694 1257 871 1343 Dhingers,
904 1259 1006 1324 etita
1034 1261 1261 1341 consequenter
1283 1263 1413 1344 proten-

262 1364 396 1431 debatur
417 1387 527 1430 murus
559 1386 615 1448 per
646 1363 751 1427 locum
783 1362 869 1426 illius
900 1362 1021 1426 ordinis
1052 1363 1217 1428 domorum
1245 1385 1347 1448 usque
1378 1363 1413 1428 in

263 1469 403 1555 plateam
425 1469 650 1536 occidentalem
673 1467 809 1532 ecclesiae
824 1467 925 1532 beatae
941 1465 1086 1552 virginis,
1110 1471 1142 1532 et
1157 1467 1191 1531 in
1212 1465 1326 1552 platea
1341 1467 1413 1533 loco

264 1575 493 1641 recurvabatur
514 1597 624 1639 murus
654 1574 695 1638 ab
726 1573 888 1638 occidente
916 1572 1083 1658 paululum
1115 1575 1149 1638 in
1172 1573 1336 1638 meridiem
1358 1597 1415 1660 per

262 1682 368 1746 locum
400 1681 457 1746 ubi
488 1703 573 1746 nunc
602 1684 650 1746 est
682 1684 856 1744 conventus
888 1679 1026 1744 fratrum
1057 1680 1217 1744 minorum
1245 1701 1347 1765 usque
1374 1679 1414 1743 ad

264 1787 380 1851 turrim
402 1786 453 1852 rel
475 1791 599 1871 portani
625 1786 762 1851 leonum.
810 1785 956 1869 Aperta
987 1787 1094 1850 autem
1115 1785 1172 1849 illa
1204 1785 1415 1850 descendebat
1519 1829 1520 1832 κ

263 1915 373 1958 murus
396 1915 452 1978 per
485 1893 588 1958 locum
615 1892 672 1956 ubi
704 1913 788 1956 nuno
822 1895 871 1956 est
902 1891 979 1956 ordo
1009 1914 1091 1956 unus
1123 1891 1288 1956 domorum
1322 1891 1415 1976 quasi

262 2020 363 2083 usque
379 1998 419 2062 ad
434 1997 581 2062 Blauium
598 1997 741 2076 fluvium,
758 2001 790 2062 et
805 1997 959 2062 conclusit
975 1998 1103 2062 domum
1119 1995 1248 2080 Georgii
1264 1995 1415 2076 Strblins,

269 2125 340 2188 quae
362 2107 439 2168 tunc
462 2102 626 2168 castrum*
650 2106 736 2182 erat,
758 2103 841 2168 sieut
862 2102 957 2168 hodie
980 2106 1070 2186 patet
1098 2123 1166 2166 rem
1200 2101 1415 2184 perspicienti,

263 2208 352 2273 etin
374 2230 473 2273 cornu
495 2207 582 2272 illius
604 2207 716 2273 domus
740 2207 961 2273 reflectebatur
990 2229 1099 2272 murus
1128 2205 1272 2272 totaliter
1303 2211 1415 2271 contra

264 2313 428 2378 meridiem
450 2313 535 2377 inter
558 2312 697 2378 civitatis
719 2312 831 2378 collem
855 2316 887 2378 et
910 2311 1058 2378 Blauium
1080 2311 1212 2376 flurium
1240 2333 1336 2396 quem
1359 2334 1415 2377 ax·

264 2417 386 2482 clusum
415 2417 574 2497 habebat,
607 2423 639 2482 et
671 2418 718 2482 ita
749 2419 888 2504 gyrabat
916 2418 1049 2484 inferius
1080 2417 1186 2482 forum
1219 2417 1285 2482 vini
1317 2439 1415 2502 supra
1519 2407 1520 2410 ¹

266 2523 450 2588 habitacula
484 2525 678 2608 piscatorum
711 2525 900 2590 descendens
933 2545 1032 2609 usque
1066 2523 1106 2588 ad
1139 2523 1231 2588 littus
1261 2522 1415 2587 Danubii.

265 2628 437 2714 Attingens
460 2633 565 2694 autem
587 2628 774 2696 Danubium
797 2630 953 2714 paulatim
969 2628 1197 2694 recurvabatur
1221 2632 1334 2693 contra
1348 2627 1414 2692 ori-

265 2737 370 2798 entem
392 2755 492 2818 nsque
514 2733 554 2798 ad
577 2735 692 2799 turrim
716 2734 885 2814 balistarii,
910 2756 981 2819 quae
1003 2737 1097 2818 porta
1118 2737 1204 2814 erat,
1236 2755 1256 2798 a
1278 2755 1343 2817 qua
1365 2731 1414 2796 di·

265 2839 459 2904 mensionem
481 2838 665 2923 incepimus.

342 2933 392 3009 ¹In
415 2948 556 3029 tempore
578 2948 685 3010 autem
707 2944 764 3010 illo
788 2947 915 3031 quando
937 2947 1089 3032 oppidum
1111 2946 1157 3011 sic
1179 2945 1305 3026 stabat,
1336 2949 1414 3010 tuuc

265 3053 339 3114 ante
361 3053 487 3133 portam
510 3049 666 3114 balistarii
699 3073 763 3115 non
798 3057 890 3117 erant
911 3075 968 3118 nee
990 3055 1073 3118 muri
1104 3073 1161 3118 nee
1189 3051 1311 3117 fossata
1332 3053 1416 3117 sicut

266 3177 351 3219 nunc
372 3159 464 3236 sunt,
493 3155 548 3220 sed
576 3156 763 3220 suburbium
786 3157 831 3220 ibi
862 3163 931 3223 erat
952 3180 1047 3243 super
1075 3157 1168 3222 littus
1197 3156 1357 3236 Danubii,
1381 3157 1415 3220 in

266 3283 329 3345 quo
352 3262 523 3344 piscatores
554 3259 691 3324 fullones
714 3265 746 3324 et
768 3261 916 3326 cerdonea
939 3263 1130 3342 residebant,
1153 3266 1186 3326 et
1210 3263 1325 3326 balnea
1349 3261 1416 3326 sive

265 3365 413 3429 aestuaria
446 3365 576 3429 stabant
601 3363 635 3426 in
668 3363 797 3428 fossatis
829 3364 915 3430 infra
946 3371 1137 3431 conventum
1169 3366 1416 3452 praedicatorum

264 3493 320 3554 per
344 3492 414 3555 quae
436 3492 521 3534 nunc
542 3469 661 3534 latrina
692 3493 801 3536 eorum
824 3472 983 3536 emittitur
1013 3477 1046 3537 et
1077 3472 1359 3557 hospitalariorum
1380 3473 1415 3536 in

265 3575 458 3640 Danubium.
505 3573 606 3639 Locus
629 3597 703 3639 vero
725 3579 898 3641 conventus
929 3576 1171 3660 praedicatorum¹
1200 3583 1269 3643 erat
1291 3579 1414 3656 hortus,

266 3685 298 3744 et
321 3679 531 3744 coemiterium
555 3680 684 3758 fossata,
708 3701 778 3764 quae
801 3681 919 3746 directe
942 3682 1102 3766 gyrabant
1125 3707 1182 3768 par
1203 3685 1309 3750 vicum
1331 3705 1415 3768 prae-

266 3786 442 3850 dicatorum
464 3790 496 3850 et
518 3786 729 3871 perlongum
752 3787 884 3852 vicum⁶
917 3811 1016 3873 usque
1038 3789 1078 3853 ad
1104 3789 1233 3854 domum
1254 3788 1414 3854 dohannis

829 3950 847 3990 *

339 4069 352 4122 1
372 4069 446 4124 Bess.
465 4066 497 4122 in
514 4085 603 4138 marg.
623 4065 904 4128 Salmansweilerhof.
987 4070 1003 4126 2
1023 4069 1094 4127 Besa.
1113 4068 1144 4126 in
1161 4088 1251 4140 marg.
1270 4069 1415 4142 Samlung.

268 4156 568 4225 dcasparLiebharta
583 4158 654 4212 Mon.
668 4156 773 4213 2.Golr.
808 4157 925 4228 Caspari
939 4158 1174 4216 LiebholtrVees.
1211 4159 1417 4231 Caeparilieb-

266 4243 319 4296 har
340 4241 461 4299 Schmid.
485 4243 572 4298 Wibl.
595 4243 643 4298 Eh.
685 4244 802 4316 Caspari
823 4245 955 4300 Liabhala
977 4243 1076 4301 Schcd.
1097 4247 1142 4301 Kl
1172 4246 1309 4302 biabhatrr
1334 4247 1417 4304 Woll.

265 4331 283 4384 4
303 4329 375 4384 Desa
396 4329 426 4383 in
443 4347 532 4401 marg.
551 4331 710 4401 kdnigshol,
729 4333 811 4388 hodie
829 4333 970 4389 Newbaw.
1007 4339 1023 4390 5
1044 4334 1155 4405 Longus
1173 4335 1259 4402 ricus,
1279 4336 1355 4393 rrolnl
1372 4335 1416 4390 dis

266 4419 378 4488 spatam
397 4416 580 4490 Halangaasa.
