3034 4922
652 341 712 407 187

271 515 298 582 Ο
321 517 389 582 sols
410 539 481 602 spes
503 516 654 596 fidelium,
677 538 697 582 o
720 521 811 602 pater
833 517 1022 584 venerande!

269 623 417 703 Concede,
440 623 524 708 quod
547 627 579 688 te
601 623 724 688 videam
745 623 809 688 cito
833 628 1059 708 resurgentem,

188 747 240 788 uu
268 727 334 808 Qoe
357 727 464 796 dolore
487 731 577 794 tanto
599 729 700 794 cordis
724 732 755 794 te
778 749 871 796 cerno
893 728 1110 796 morientem«

223 1049 402 1123 Planctus
429 1046 546 1120 Maris
574 1045 732 1141 Cleopbe
758 1049 798 1119 et
824 1046 941 1121 Maris
969 1047 1136 1123 Zebedei.

267 1256 396 1323 Sorores
418 1256 479 1322 dese
501 1255 635 1340 virginis
657 1259 888 1341 matertereque
909 1255 1030 1324 Christi

266 1361 402 1430 Stabant
433 1381 558 1447 quoque
580 1363 671 1426 iuxta
692 1383 816 1428 crucem
838 1362 1025 1449 plsngentes
1048 1361 1137 1428 luctu
1159 1363 1256 1442 tristi,

266 1468 310 1534 Et
332 1467 495 1534 dicebant:
523 1465 599 1548 »Ve,
623 1489 660 1532 ve
682 1467 774 1533 nobis
796 1469 835 1536 de
856 1469 974 1554 duplici
997 1469 1124 1534 dolore!

266 1574 366 1652 Quem
388 1595 446 1640 nos
468 1573 501 1638 iu
523 1573 706 1638 dulcissima
727 1574 935 1659 conspicimus
957 1596 1074 1655 sorore,

191 1699 243 1736 ⁶⁶2⁰
268 1679 312 1746 Et
334 1679 402 1744 eius
425 1677 589 1764 unigenito
612 1683 783 1764 nostroque
805 1679 919 1746 dilecto

272 1783 398 1869 Nepote
420 1788 488 1850 tam
509 1783 687 1850 crudelibus
710 1785 799 1870 penis
821 1785 1005 1852 interfecto!

273 1887 331 1969 Ve,
354 1910 401 1968 ve,
424 1887 561 1973 quidde
584 1888 667 1954 dulci
689 1869 799 1956 nostra
819 1909 926 1954 sorore
950 1888 1110 1969 faciemus,

274 1992 363 2070 Quod
387 1993 426 2058 sd
447 1996 583 2058 mortem
602 1993 802 2078 semetipsam
824 1995 991 2079 precipitet
1012 1994 1182 2060 timemus?

268 2097 392 2166 Arnudo
415 2119 480 2164 non
503 2098 620 2183 poterit
643 2121 661 2171 a
684 2099 776 2164 nobis
798 2099 965 2179 consolari,

195 2223 244 2262 ωτι
270 2203 349 2270 Oum
371 2209 478 2293 mest
499 2203 658 2270 consortio
680 2203 740 2270 filii
761 2205 810 2270 sui
833 2205 907 2270 cari.

267 2308 399 2376 Nullam
421 2310 487 2376 iam
508 2310 638 2396 recipiet
660 2310 908 2376 consolationem

269 2415 346 2481 Post
368 2415 468 2482 dulcis
491 2415 648 2500 unigeniti
670 2415 720 2480 sui
742 2415 929 2500 passionem

270 2519 317 2588 Ve
340 2521 443 2599 nobis,
466 2543 522 2586 cur
543 2519 742 2586 dulcissimus
765 2524 872 2586 noster
894 2525 944 2586 est
965 2521 1085 2586 occisus

270 2625 373 2706 Jesus,
394 2625 447 2690 cui
469 2624 582 2690 similis
604 2647 624 2690 s
645 2625 764 2690 mundo
785 2647 849 2691 non
872 2630 921 2692 est
943 2626 1028 2692 visus

197 2749 245 2788 ⁵⁶0⁰
270 2729 308 2798 In
330 2730 435 2796 verbis
457 2734 489 2796 et
511 2730 545 2796 in
567 2730 690 2798 actibus
713 2735 745 2796 et
767 2732 853 2796 omni
875 2730 1026 2796 bonitate.

268 2835 305 2902 In
328 2836 429 2922 signis
452 2839 484 2902 et
504 2835 675 2916 miraculis,
698 2840 730 2902 et
753 2836 817 2902 vite
839 2837 1018 2916 sanctitate,

269 2939 305 3008 In
328 2941 416 3008 omni
439 2941 605 3027 sepientis,
628 2963 767 3026 seneque
788 2942 941 3022 doctrine,
1144 2948 1147 2958 “

269 3047 460 3132 (iunctisque
484 3046 655 3112 virtutibus
678 3051 710 3112 et
732 3069 857 3113 morum
879 3047 1065 3132 disciplina!

270 3155 297 3218 A
321 3153 433 3218 matris
456 3173 579 3236 semper
601 3153 691 3218 utero
714 3173 769 3218 cen
794 3153 926 3238 angelus
949 3153 1086 3232 vivebat,

198 3275 248 3314 ωσι
272 3255 381 3324 Vitam
404 3257 507 3322 edhuc
528 3255 706 3322 infantulus
728 3257 869 3323 divinam
890 3257 1080 3336 exhibebat;

271 3360 434 3428 infantum
457 3383 545 3428 more
566 3383 729 3446 nunquam
750 3363 850 3448 gessit
872 3363 1041 3448 quicquam
1063 3361 1192 3448 puerile,

270 3465 330 3534 Sed
352 3467 491 3534 habebut
513 3489 636 3553 semper
657 3468 811 3534 mandem
834 3489 898 3548 eor,
921 3467 1058 3553 prudens
1080 3473 1112 3534 et
1134 3467 1241 3548 senile,

273 3572 352 3639 Gom
374 3573 491 3640 iaceret
513 3573 616 3638 adbuc
637 3595 716 3659 puer
739 3574 940 3640 dulcissimus
962 3574 995 3638 in
1017 3573 1106 3638 cunis

270 3675 364 3744 Fletu
387 3679 436 3746 vel
461 3679 622 3765 vagitibus
645 3700 809 3764 nunquam
831 3679 1032 3764 importunis,

195 3801 243 3840 ⁶⁶0⁰
270 3782 383 3870 N'eque
403 3789 538 3852 matrem
560 3807 663 3871 neque
684 3807 742 3852 nos
765 3807 904 3872 unquam
927 3783 1117 3862 molestavit,

270 3888 455 3975 Tranquillo
477 3891 522 3956 sic
544 3891 678 3956 infantm
701 3891 839 3957 defectus
861 3889 1030 3966 tolererit3

270 3993 330 4061 Sed
354 4016 425 4060 cum
447 3995 500 4060 lric
523 3995 721 4062 dulcissimus
743 4017 822 4080 puer
844 3994 992 4074 redolevit,

269 4097 306 4164 In
329 4103 419 4166 tants
440 4101 596 4187 sapientie
619 4101 857 4186 virtutibusque
880 4101 989 4180 crevit,

271 4203 361 4281 Quod
382 4205 420 4272 ds
442 4229 500 4272 sus
522 4206 686 4292 parentela
708 4206 814 4272 cuncti
836 4205 1029 4284 lelabantur,

201 4326 250 4364 rsa
276 4307 452 4395 Omnesque
475 4311 531 4396 qui
553 4315 708 4376 noverant
730 4311 836 4395 ipsum
857 4309 1068 4376 mirabantur.

275 4411 388 4484 Omnes
409 4415 507 4486 libros
531 4419 650 4488 eeteros
673 4420 855 4486 sanctarum
877 4415 1106 4510 scripturarum
