3080 4938
811 353 980 446 sss

256 557 440 643 cogitarunt
461 556 544 620 eires
567 553 735 622 Ulmenses
757 557 854 622 etiam
877 558 1091 642 parochialem
1119 581 1210 624 suam
1234 559 1408 636 ecelesiam,
1518 583 1519 650 l

257 685 328 748 quae
351 666 419 726 erat
441 667 532 726 extra
554 663 593 725 ad
609 683 717 725 omnes
739 657 882 740 Sanctus,
907 663 1079 728 transferre
1101 664 1134 727 iu
1151 664 1262 729 urbem
1278 670 1407 748 propter

257 769 386 834 timores
410 770 442 832 et
464 765 612 850 pericula.
659 765 828 830 Timebant
857 767 960 844 enim,
995 769 1079 851 quod
1109 767 1227 852 populo
1251 769 1406 834 existente

256 876 346 938 extra
367 873 401 938 iu
424 871 553 936 ecclesia
576 875 704 954 possent
726 893 791 934 una
805 871 929 936 dierum
951 873 1147 957 proditiones
1163 879 1195 938 et
1217 875 1411 938 tradimenta
1518 865 1519 912 l

155 959 395 1043 ut‘ltaeivitnis
417 977 487 1042 fieri
509 981 541 1042 et
562 975 675 1040 civitas
697 977 767 1060 capi
791 979 823 1040 et
845 977 981 1060 populus
1009 978 1087 1043 foris
1112 979 1307 1063 periclitari,
1334 979 1409 1064 quia

257 1088 349 1149 erant
370 1086 447 1146 tunc
470 1086 613 1165 tempora
636 1081 714 1146 satis
736 1081 888 1166 inquieta.
936 1082 1009 1148 Non
1033 1085 1131 1148 etiam
1158 1083 1240 1149 bene
1261 1088 1411 1168 poterant
1518 1081 1519 1086 ’

258 1190 292 1253 in
314 1189 440 1272 magnis
466 1186 697 1252 festivitatibus
720 1187 872 1252 interesse
894 1193 1050 1252 nocturno
1075 1188 1192 1268 officio,
1215 1211 1289 1254 cum
1310 1193 1411 1273 portae

258 1315 322 1358 non
346 1292 560 1376 aperirentur,
588 1293 736 1358 etmulti
759 1295 856 1359 etiam
877 1295 987 1360 diebus
1011 1295 1177 1361 dominicis
1198 1301 1291 1361 extra
1313 1317 1408 1380 paro·

259 1400 364 1465 chiam
378 1399 560 1477 manebant,
577 1399 632 1482 qui
643 1399 729 1464 exire
743 1399 791 1464 vel
807 1421 871 1463 non
887 1404 1037 1482 poterant
1049 1401 1099 1465 vel
1111 1401 1273 1466 nolebant.
1312 1401 1412 1466 Vide-

261 1506 338 1569 bant
359 1504 457 1569 etiam
479 1503 632 1588 populum
661 1503 794 1589 largiter
817 1502 1083 1570 Praedicatoribus
1112 1510 1144 1570 et
1166 1506 1347 1570 Minoribus
1370 1505 1411 1570 ad

260 1633 332 1674 suas
356 1608 500 1674 ecelesias
533 1613 565 1674 et
593 1613 768 1673 structuras
795 1608 1068 1689 contribuentem,
1099 1614 1132 1676 et
1160 1611 1263 1676 mults
1295 1611 1413 1676 eisdem

261 1713 462 1780 monasteriis
484 1713 572 1792 dari,
596 1735 667 1797 quae
690 1713 826 1778 ecclesiae
848 1713 1023 1798 parochiali
1046 1716 1122 1780 date
1144 1715 1298 1794 fuissent,
1329 1717 1412 1780 siin

261 1821 392 1885 civitate
414 1823 497 1884 esset
519 1819 631 1904 posita.
677 1817 810 1903 Insuper
833 1820 925 1884 multi
950 1843 1022 1886 snas
1038 1821 1218 1905 sepulturas
1242 1822 1282 1886 ad
1297 1843 1435 1902 mona-¹

261 1925 358 1990 steria
380 1927 574 2002 statuerunt,
608 1946 686 2008 quas
709 1945 774 1989 non
796 1929 991 2004 mutassent,
1015 1926 1042 1990 si
1064 1927 1256 2010 parochialis
1281 1927 1412 1992 ecclesia

262 2051 333 2094 oum
355 2029 529 2094 eoemiterio
551 2029 585 2091 in
607 2028 737 2092 civitate
759 2035 841 2094 esset
862 2029 958 2094 facta.
1005 2029 1161 2096 concluso
1183 2053 1263 2117 ergo
1277 2033 1411 2097 consilio

262 2133 418 2201 omnino¹
441 2132 613 2198 transferre
636 2133 820 2218 parochiam
842 2135 874 2199 in
898 2136 1060 2202 civitatem
1082 2131 1304 2216 decreverunt,
1329 2137 1415 2222 quod

262 2243 368 2304 tamen
391 2260 488 2324 grave
511 2238 555 2302 eis
578 2238 642 2302 fuit
671 2244 802 2322 propter
834 2241 1014 2324 sepulturas
1037 2264 1185 2322 suorum,
1217 2247 1250 2307 et
1283 2248 1414 2326 propter

263 2344 399 2410 ecclesiae
422 2344 562 2428 autiquae
598 2344 764 2428 egregium
787 2351 936 2409 ornatum
961 2350 996 2411 et
1016 2347 1168 2412 decorem.
1214 2347 1297 2412 Erat
1318 2349 1415 2426 enim,

263 2453 300 2512 ut
321 2471 418 2532 supra
439 2449 559 2513 dictum
581 2453 638 2525 est,
661 2448 792 2514 ecclesia
814 2450 905 2515 valde
927 2451 1066 2534 pretiosa
1089 2457 1121 2517 et
1135 2451 1310 2516 multarum
1331 2452 1414 2516 larn-

263 2554 380 2637 padum
412 2555 564 2636 perpetuo
597 2553 710 2618 ardore
740 2559 862 2619 ornatu.
909 2555 1087 2641 Elegerunt
1119 2579 1195 2644 ergo
1226 2557 1331 2622 locum
1354 2579 1412 2641 pro

264 2680 346 2723 nova
368 2656 524 2722 ecolesia²
555 2659 766 2723 construenda
795 2660 830 2724 in
852 2659 1006 2726 honorem
1027 2661 1129 2726 beatae
1152 2660 1297 2747 Virginis
1320 2665 1412 2747 quasi

263 2763 297 2826 in
319 2766 427 2827 centro
450 2767 482 2826 et
503 2763 606 2828 medio
629 2763 778 2843 civitatis,
801 2765 834 2828 in
857 2787 920 2849 quo
944 2767 1012 2832 loco
1027 2768 1213 2833 iamdudum
1227 2768 1414 2832 aestuarium

263 2889 362 2932 unum
391 2867 581 2932 edificatum
610 2869 718 2933 stabat
749 2891 820 2934 cum
852 2869 998 2954 pluribus
1031 2872 1103 2937 aliis
1135 2873 1290 2938 domibus.
1346 2871 1417 2937 Has

263 2972 373 3036 domos
395 2972 478 3037 nives
509 2977 654 3037 emerunt
684 2973 850 3059 locumque
871 2977 1105 3042 mundaverunt
1135 2977 1175 3042 ad
1205 2977 1415 3042 fundamenta
1518 2995 1519 3042 1

263 3077 418 3143 iactanda.
464 3075 525 3143 Sed
547 3080 579 3142 et
601 3101 658 3162 pro
681 3080 855 3146 coemiterio
878 3087 1022 3148 emerunt
1045 3083 1173 3148 domum
1204 3101 1350 3148 sororum
1372 3080 1413 3146 de
1518 3149 1519 3160 p

264 3184 360 3248 tertia
383 3183 494 3267 regula
508 3183 609 3248 sancti
627 3182 785 3249 Francisci
801 3207 872 3270 quae
887 3185 1075 3252 dicebantur
1090 3209 1213 3252 sororoe
1237 3185 1275 3250 de
1292 3186 1410 3265 Buten,

265 3289 372 3373 eisque
394 3289 499 3353 locum
519 3288 554 3352 in
570 3289 673 3353 arenis
696 3289 716 3353 i.
741 3311 768 3354 e.
793 3312 844 3354 am
860 3289 983 3356 (triow
1008 3292 1262 3378 assignaverunt,
1286 3295 1319 3356 et
1339 3291 1416 3376 quia
1518 3369 1519 3374 γ

265 3394 429 3477 templum,
453 3394 538 3477 quod
560 3393 715 3459 aedificare
736 3395 896 3474 volebant,
920 3397 1040 3481 grande
1061 3397 1208 3462 futurum
1223 3402 1301 3476 erat,
1326 3418 1416 3462 acoe-
1518 3391 1519 3404 ¹

264 3503 381 3582 perunt
401 3499 554 3564 maiorem
576 3505 700 3584 partem
723 3500 807 3564 horti
838 3499 975 3565 fratrum
999 3501 1180 3583 Minorum‚
1208 3505 1244 3567 ut
1272 3503 1416 3566 iacerent
1518 3549 1519 3588 ἴ

265 3602 402 3667 turrium
433 3605 571 3670 ecolesiae
601 3603 809 3670 fundamenta
840 3610 872 3671 et
898 3610 1009 3690 postea
1036 3611 1119 3672 esset
1148 3612 1222 3673 ante
1251 3607 1418 3674 ecclesiam

266 3707 367 3773 libere
388 3707 503 3793 platea.
549 3707 663 3794 Sicque
685 3711 763 3776 satis
786 3715 941 3798 angustus
973 3711 1074 3778 lactus
1106 3711 1170 3778 fuit
1193 3713 1330 3778 fratrum
1354 3711 1418 3776 Mi-
1518 3757 1519 3760 κ

266 3834 380 3879 norum
401 3813 499 3893 locus,
523 3815 578 3898 qui
600 3819 707 3880 tamen
729 3814 836 3881 fuerat
859 3816 992 3901 amplus,
1016 3817 1092 3902 quia
1114 3819 1207 3903 quasi
1221 3821 1324 3882 totam
1345 3817 1418 3901 pla-

266 3921 351 3982 team
373 3919 651 4003 complectebatur.
698 3921 873 4007 Designata
902 3923 937 3985 in
970 3923 1171 4006 complanato
1201 3927 1234 3987 et
1263 3923 1418 3988 mundato

268 4023 335 4086 loco
359 4025 555 4108 quantitate,
578 4025 779 4112 longitudine
801 4031 833 4092 et
857 4025 1027 4092 latitudine
1053 4028 1190 4094 eeclesiae
1212 4027 1417 4106 milisende,
1518 4079 1519 4092 ,

173 4129 302 4209 „j‘t‘lpiu
326 4128 431 4214 ipsum
457 4129 608 4195 circulum
632 4131 867 4197 aedificaverunt
888 4131 1051 4197 ecclesiam
1082 4133 1222 4220 ligneam
1243 4137 1275 4197 et
1298 4131 1415 4196 altaria

341 4301 535 4356 lTranslacio
553 4303 737 4372 parrochialis
756 4303 878 4359 ecclesiae
898 4303 972 4360 Mon.
995 4305 1007 4358 1
1028 4321 1073 4359 am
1092 4302 1188 4358 rande.
1254 4304 1418 4358 2ldr'1ueter

269 4387 331 4443 Sch.
352 4405 397 4442 am
416 4387 511 4442 rande.
601 4391 656 4447 ai.
681 4407 703 4445 e.
729 4409 774 4446 am
799 4389 883 4446 Griell
910 4391 983 4447 fehlt
1007 4391 1050 4446 bei
1069 4391 1142 4448 Mon.
1166 4395 1174 4445 l
1198 4391 1255 4446 nnd
1274 4391 1357 4447 (told.
1377 4395 1418 4445 nt.

269 4475 308 4530 im
327 4473 412 4529 Griell
431 4474 517 4532 Wibl.
