3026 4934
773 367 837 435 276

229 535 306 602 Quod
325 537 404 594 Jescs
423 541 556 611 apparuit
574 542 662 598 matri
679 558 728 598 sue
745 543 775 596 in
793 542 872 599 obtiu
891 559 939 598 sue
957 543 1015 598 245.

227 625 304 690 Quod
323 626 401 682 iesus
419 627 555 684 inritavit
573 634 693 686 matrem
712 649 791 686 suam
809 634 840 686 et
858 629 1009 700 assumpsit
1026 647 1089 686 eam
1107 631 1137 685 in
1156 631 1245 686 celum
1264 633 1328 686 245.

228 713 306 777 Quod
325 714 445 770 Michael
464 717 670 773 commendavit
689 718 822 787 apostolis
842 735 940 789 corpus
958 717 994 772 M.
1014 717 1050 774 ad
1069 719 1259 788 sepeliendum
1278 721 1341 776 246.

227 801 304 866 Quod
324 803 444 872 apostoli
464 805 592 860 tulerunt
609 821 707 875 corpus
725 805 762 860 M.
781 806 817 860 ed
836 805 1028 876 sepeliendum
1046 806 1107 860 246.

226 889 305 955 Quod
323 889 405 944 iudei
426 891 560 946 volebant
578 910 676 962 corpus
694 887 731 946 M.
748 893 856 948 deicere
873 894 935 948 247.

226 975 304 1040 Quod
322 977 426 1032 iudeus
447 979 574 1048 portavit
594 981 720 1050 palmam
738 979 776 1034 ad
793 980 939 1048 civitatem
957 979 1016 1034 248.

226 1063 303 1128 Quod
323 1064 389 1119 alba
408 1066 495 1121 nubes
516 1067 640 1136 protexit
660 1067 781 1122 Arcbam
798 1071 827 1123 et
845 1068 988 1139 apostolos
1006 1067 1066 1124 248.

226 1151 304 1217 Quod
323 1153 443 1223 apostoli
460 1154 630 1224 sepelierunt
648 1172 746 1226 corpus
767 1155 854 1211 Maris
871 1156 931 1210 248.

207 1238 267 1294 ·De
285 1239 465 1310 dispositione
484 1241 603 1312 sepulcri
621 1243 680 1297 249.

226 1328 304 1392 Quod
324 1328 444 1400 apostoli
462 1331 638 1387 excubabant
656 1332 729 1388 circa
747 1333 904 1403 sepulcrum
922 1329 958 1388 M.
981 1347 1005 1384 s.
1028 1330 1087 1384 249.

227 1415 305 1482 Quod
323 1417 402 1472 Jesus
421 1418 572 1488 assumpsit
590 1435 688 1488 corpus
707 1419 743 1475 M.
761 1420 791 1474 in
811 1419 901 1476 celum
920 1419 980 1472 249.

227 1503 304 1568 Quod
323 1504 477 1575 assumptio
496 1505 618 1574 corporis
637 1505 673 1561 M.
692 1505 820 1562 revelata
839 1510 881 1563 est
899 1507 1004 1562 Thome
1023 1505 1150 1576 apostolo
1168 1506 1227 1561 256.

226 1591 266 1646 Dc
284 1591 400 1646 diversis
419 1591 484 1648 celis
503 1609 571 1662 quos
592 1595 728 1648 transivit
748 1595 837 1650 Maria
856 1597 916 1649 251.

226 1678 305 1745 Quod
324 1679 414 1732 Maria
432 1679 509 1734 vonit
528 1680 564 1734 ad
583 1681 673 1734 celum
690 1698 853 1751 empyreum
871 1683 932 1738 251.

206 1754 212 1765 '
227 1766 305 1832 Quod
326 1767 417 1821 Maria
435 1767 585 1836 suscpitur
604 1783 622 1821 a
639 1768 730 1837 primo
748 1769 831 1826 choro
849 1769 1015 1840 angelorum
1033 1769 1093 1822 252.

227 1854 318 1918 Maria
335 1853 485 1924 suscipitur
504 1870 521 1907 a
541 1853 660 1910 secundo
677 1855 761 1912 choro
779 1857 839 1912 253.

227 1943 318 1998 Maris
336 1942 485 2012 suscipitur
505 1959 522 1996 a
540 1943 626 2000 tortio
644 1944 726 2000 choro
743 1945 802 2000 254.

227 2029 305 2094 Quod
324 2031 414 2085 Maria
432 2030 582 2100 suscipitur
601 2048 619 2086 a
636 2033 738 2101 quarto
756 2032 839 2088 choro
857 2033 916 2088 254.

225 2118 316 2174 Maris
338 2119 486 2188 suscipitur
505 2136 522 2172 a
539 2119 639 2188 quinto
657 2119 740 2175 choro
761 2122 820 2176 255.

226 2205 316 2262 Maria
334 2203 484 2276 suscipitur
502 2223 520 2260 a
540 2209 618 2262 sexto
636 2207 719 2262 choro
738 2207 797 2262 256.

226 2293 316 2348 Maria
334 2293 486 2362 suscipitur
506 2311 523 2348 a
541 2295 661 2364 septimo
678 2295 763 2350 choro
782 2295 842 2350 257.

226 2382 316 2436 Maria
334 2381 483 2452 suscipitur
501 2397 520 2436 a
537 2385 636 2439 octavo
655 2383 737 2438 choro
755 2380 814 2438 258.

225 2469 316 2524 Maria
333 2469 480 2540 susdpitur
500 2485 517 2524 a
535 2488 608 2526 nono
626 2471 709 2526 choro
728 2470 787 2524 259.

225 2557 317 2612 Maria
335 2557 486 2628 suscipitur
505 2557 541 2612 ab
559 2559 707 2614 animabus
726 2557 851 2614 omnium
870 2560 1030 2614 sanctorum
1048 2557 1108 2612 260.

225 2644 303 2710 Quod
322 2645 413 2700 sancti
430 2644 613 2714 singulariter
632 2648 812 2716 susceperunt
831 2645 950 2700 Mariam
969 2645 1107 2715 virginem
1125 2645 1185 2700 266.

225 2731 304 2798 Quod
322 2732 481 2802 Stephanus
500 2734 692 2802 protomartyr
710 2733 831 2803 suscepit
849 2731 970 2787 Mariam
989 2735 1047 2786 264.

226 2821 297 2875 Tota
314 2819 429 2874 trinitas
448 2819 569 2889 suscepit
587 2819 622 2872 Μ.
641 2821 701 2874 264.

225 2907 309 2963 Pater
327 2907 447 2978 suscepit
466 2908 503 2962 M.
524 2908 582 2962 264.

225 2995 311 3050 Filius
329 2996 450 3066 suscepit
469 2997 506 3050 M.
525 2997 584 3050 265.

225 3082 344 3154 Spiritus
362 3089 475 3140 sanctus
493 3084 614 3153 suscepit
634 3084 751 3138 Mariam
769 3086 829 3140 265.

224 3171 276 3226 Hic
294 3175 391 3228 auctor
410 3171 480 3228 facit
498 3172 702 3228 conclusionem
721 3173 763 3226 rui
782 3172 872 3242 operis
891 3173 951 3228 266.

225 3259 277 3314 Hic
295 3263 392 3315 auctor
410 3259 548 3314 satisfacit
568 3261 750 3330 arguentibus
769 3261 906 3330 hocopus
926 3263 985 3316 267.

225 3347 276 3400 Hic
294 3351 391 3404 auctor
409 3348 490 3418 ponit
507 3347 632 3418 gratiam
644 3347 798 3414 legentium
818 3348 861 3402 vel
875 3347 1051 3402 audientium
1064 3347 1108 3402 vei
1123 3346 1205 3402 scribi
1218 3363 1375 3416 procuran-

294 3435 366 3490 tium
384 3435 457 3488 hunc
476 3434 580 3489 librum
598 3437 657 3492 267.
