3014 4926
642 384 704 453 las

257 557 350 624 Jesus
371 559 435 624 ait:
463 558 556 625 »Sine
577 561 670 626 modo
692 562 738 627 sic
759 584 817 626 nos
842 561 1013 648 adimplere

177 682 231 720 εστι
259 663 414 731 condecet
435 665 591 731 iustitiam
614 671 824 754 preceptaque
846 673 960 735 tenere

349 981 452 1068 Quod
481 981 582 1055 unda
608 982 784 1059 Jordunis
812 985 1008 1060 substitit.¹

255 1189 319 1256 Hic
339 1189 455 1256 dicitur
476 1191 561 1275 quod
583 1190 722 1256 fluminis
744 1193 829 1258 unda
850 1193 1046 1262 substitisset

257 1295 325 1362 Nec
346 1295 387 1361 sd
408 1297 473 1361 ima
496 1296 708 1362 descendendo
732 1297 854 1363 tamdiu
877 1299 1068 1382 defluxisset,

255 1400 295 1467 In
317 1423 354 1468 ea
376 1402 474 1468 donec
496 1402 642 1467 dominus
664 1401 757 1468 Jesus
778 1403 939 1470 lavaretur

257 1505 310 1572 Ab
332 1507 464 1592 ipsoque
485 1507 687 1592 baptismatis
710 1508 795 1573 unda
817 1514 1004 1591 sacraretur,

179 1631 231 1670 cccc
259 1611 304 1676 Et
325 1633 359 1677 se
380 1633 506 1677 sursum
529 1633 686 1698 aggerans
708 1613 792 1679 circa
813 1611 922 1680 Jesum
946 1614 1053 1682 stabat

257 1715 388 1784 Fluvius
410 1721 443 1784 et
464 1718 625 1784 dominum
647 1719 830 1785 immersum
852 1721 1076 1787 circumdabat.

346 2033 448 2120 Quod
476 2035 593 2131 pisces
620 2036 831 2112 adorabant
857 2037 999 2114 Jesum.

259 2243 362 2310 Pisces
383 2264 509 2330 quoque
529 2243 671 2310 fluminis
693 2244 732 2310 ad
756 2245 919 2311 dominum
940 2248 1104 2342 natabant,

257 2351 424 2438 Tanquam
445 2373 537 2418 suum
559 2355 733 2418 creatorem
754 2351 860 2437 ipsum
882 2353 1074 2430 adorabant3

179 2665 286 2754 Quod
312 2667 465 2762 spiritus
492 2669 644 2741 sanctus
671 2666 863 2741 descendit
890 2689 1001 2762 super
1027 2667 1170 2743 Jeeum.

258 2877 338 2944 Cum
360 2897 437 2964 ergo
458 2874 551 2942 Jesus
573 2897 593 2940 a
614 2873 762 2942 Johanne
783 2875 867 2942 foret
888 2871 1067 2961 bapuncus

179 3003 233 3042 που
258 2983 460 3068 Populusque
482 2981 637 3068 plurimus
660 2983 823 3067 cumipse
846 2986 1025 3062 renovatus,
1130 3015 1134 3024 -

257 3087 339 3154 Ecce
360 3088 462 3154 celum
485 3093 533 3154 est
555 3091 710 3174 apertum,
732 3087 788 3153 lux
810 3107 990 3174 magnaque
1011 3085 1135 3152 refulsit

256 3191 295 3260 ln
315 3191 426 3261 Jesum
447 3215 568 3259 necnon
591 3193 753 3258 universos
775 3195 935 3277 presentes
956 3190 1174 3258 circumfulsit.

260 3299 365 3385 Atque
386 3301 514 3364 sanctus
537 3298 667 3382 spiritus
690 3297 728 3363 de
749 3297 816 3363 celo
839 3296 1046 3363 descendebat

258 3401 295 3468 ln
318 3402 462 3470 columbe
484 3403 595 3488 specie,
620 3403 675 3488 qui
696 3403 807 3468 statim
828 3402 987 3468 residebat

178 3529 233 3568 uec
260 3505 297 3574 In
318 3506 395 3574 Jesu
418 3507 538 3574 Christi
560 3507 672 3593 capite,
695 3508 859 3594 patrisque
881 3529 941 3574 vox
963 3507 1061 3574 fiebat

260 3609 388 3678 crunctis
409 3610 610 3678 audientibus
632 3611 671 3678 de
693 3611 776 3692 celis,
800 3633 861 3698 que
882 3611 1025 3679 dicebat:

262 3717 342 3783 »Hic
364 3719 412 3784 est
433 3739 521 3784 meus
542 3717 628 3784 tilius
650 3716 792 3803 mihique
814 3717 956 3798 dilectus,

262 3821 344 3889 Ante
365 3822 624 3889 constitutionem
645 3823 784 3889 siderum
806 3823 932 3902 electus,

261 3925 339 3994 Mihi
362 3929 417 4014 qui
439 3929 631 4014 complacuit
653 3949 776 4014 semper
797 3932 829 3994 et
853 3927 1000 4013 placebit,

179 4051 233 4090 που
261 4029 366 4119 Atque
387 4055 476 4100 meus
498 4032 629 4117 spiritus
651 4033 685 4098 in
707 4033 777 4118 ipso
799 4031 979 4099 residebit<

262 4133 423 4203 Johannes
446 4141 561 4216 autem,
584 4158 656 4203 cum
678 4137 817 4203 audisset
839 4157 946 4202 vocem
969 4136 1061 4216 hunc,
1085 4137 1222 4220 expavit,

262 4237 336 4308 Jesu
358 4241 576 4308 testimonium
598 4240 767 4326 perhibens
789 4240 957 4307 clamavit:

266 4345 343 4414 ›ffic
365 4352 414 4414 est
436 4347 490 4413 ille
512 4347 550 4413 de
572 4368 636 4433 quc
658 4337 737 4412 mihi
760 4347 835 4412 dem
858 4343 1019 4424 revelavit,

264 4449 340 4518 (tum
361 4451 396 4518 in
419 4452 542 4518 deserto
565 4453 721 4539 degerem,
745 4455 777 4518 st
797 4473 849 4518 ma
870 4447 1051 4528 destinavit,

142 4569 292 4618 mum
1022 4551 1039 4610 9
