2996 4924
659 307 697 373 11

254 484 299 551 Et
321 505 341 549 a
362 481 484 568 peccmi
507 481 632 548 macula
653 505 687 549 se
709 484 916 551 custodiebat.
948 506 951 519 ·
1075 561 1076 564 Ἴ

205 609 231 650 aa
258 587 297 655 Se
319 587 416 654 seculi
438 588 599 672 spurcitiis
622 610 687 654 non
710 577 959 672 contaminabat,

255 693 369 781 Neque
391 694 502 759 mundi
524 694 663 780 gloriam
686 718 827 781 unquam
851 697 1029 763 affectabat.

254 799 329 867 Non
351 799 524 866 secundum
547 821 669 864 morem
691 799 773 865 vixit
795 801 893 866 seculi
916 823 1127 884 communem,

256 908 367 974 Vitam
390 927 480 970 suam
502 925 657 991 peragens
680 929 699 970 a
722 905 809 971 vitiis
831 907 1017 974 immunem.

255 1011 382 1079 Nomen
405 1011 472 1076 eius
494 1009 644 1076 Joachim
665 1010 739 1092 fuit,
763 1016 795 1076 et
817 1011 959 1078 habebat

204 1142 230 1180 ao
257 1118 443 1202 conjugem,
466 1119 503 1180 ut
525 1116 728 1182 sanctitatem
751 1140 841 1184 suam
864 1119 1065 1185 condecebat.

256 1223 331 1291 Non
353 1222 418 1287 fuit
443 1222 605 1288 dissimilis
628 1223 770 1288 moribus
793 1228 825 1290 et
848 1224 915 1289 vita
963 1247 966 1256 ·

257 1330 380 1414 Oonjux
403 1328 489 1406 viro;
514 1327 568 1392 sed
592 1332 661 1394 erat
684 1328 916 1414 obtemperans,
940 1332 1043 1396 etita

261 1435 329 1500 Deo
352 1453 476 1516 semper
497 1431 665 1513 serviebat,
688 1436 725 1498 ut
747 1433 827 1500 vidit
849 1434 1019 1502 facientem

262 1537 375 1604 Virum
398 1538 480 1618 eius,
503 1538 656 1603 mundum
678 1543 789 1605 tenens
811 1562 866 1606 cor
888 1542 1026 1608 animam
1050 1547 1082 1608 et
1104 1547 1251 1609 mentem.

209 1667 234 1705 ea
262 1646 358 1711 Anna
380 1665 496 1709 nomen
519 1643 614 1708 huius
636 1643 700 1710 fuit
722 1647 870 1712 detribu
893 1646 978 1713 Juda
999 1653 1086 1730 nata,

262 1751 307 1816 Et
329 1751 367 1815 de
389 1749 488 1834 stirpe
511 1749 600 1834 regia
622 1747 726 1816 David
748 1755 935 1838 propagata.

263 1855 315 1922 Ab
339 1855 431 1920 annis
453 1854 512 1919 hec
533 1853 678 1936 infantie,
703 1856 753 1922 vel
776 1879 794 1921 a
816 1857 991 1938 iuventute,

263 1961 392 2048 Semper
415 1965 484 2026 erat
505 1983 709 2046 perseverans
733 1962 841 2026 iudei
864 1963 1033 2042 servitute3

262 2065 417 2134 Servabat
439 2066 653 2132 innocentiam
677 2089 749 2132 cum
768 2067 870 2133 cordis
894 2069 1046 2153 puritate,

211 2193 237 2232 ro
263 2173 401 2239 Elucens
423 2171 580 2256 sepientis
603 2193 675 2236 cum
697 2195 821 2238 morum
845 2173 1031 2250 honestate3

265 2280 370 2358 Casta,
393 2276 490 2358 mitis,
514 2277 655 2358 humitis,
678 2279 815 2362 prudens
838 2283 870 2344 et
892 2279 1006 2364 pudica

266 2383 348 2464 Fuit,
372 2387 469 2468 atque
493 2383 644 2448 vitiorum
667 2387 854 2449 cunctorum
875 2384 1023 2463 inimica3

261 2489 348 2580 Non,
371 2492 408 2553 ut
432 2491 500 2553 etas
523 2489 586 2552 ista
610 2487 701 2568 solet,
724 2511 864 2573 unquam
887 2489 1055 2569 lascivivit,

264 2594 323 2662 Sed
348 2617 367 2659 a
389 2593 509 2678 peccati
531 2585 656 2658 macula
679 2616 733 2660 cor
756 2594 823 2660 eius
847 2594 1028 2661 custodivit.

214 2719 238 2758 n
264 2700 489 2766 Mandatorum
511 2697 561 2763 dei
583 2699 632 2762 sui
656 2697 719 2763 fuit
741 2699 941 2765 observatrix

267 2805 311 2871 Et
333 2805 413 2891 legis
436 2803 596 2890 Moysaice
614 2804 793 2888 justissima
814 2806 955 2871 zeiatrix.

264 2909 439 2996 Nunquam
462 2910 566 2974 virum
590 2910 772 2994 concupivit
793 2911 834 2976 ob
857 2911 961 2976 carnis
984 2910 1192 2994 voluptatem,

266 3015 326 3082 Sed
352 3021 387 3081 ut
406 3015 499 3103 legen
523 3015 711 3100 adimpleret
733 3016 845 3101 deique
868 3017 1077 3094 voluntatem,

266 3121 310 3188 Et
331 3125 369 3187 ut
390 3123 510 3208 prolem
535 3122 681 3206 aliquam.
698 3126 840 3187 sanctam
862 3125 1051 3207 procrearet,

219 3247 243 3285 co
270 3229 373 3307 Quam
396 3229 436 3293 ad
458 3227 671 3292 ministerium
694 3227 838 3292 divinum
861 3229 1020 3293 educaret.

267 3332 387 3398 Juncta
409 3353 483 3397 vero
506 3331 575 3396 viro
598 3353 655 3396 suo
678 3332 728 3396 dei
751 3353 808 3416 per
830 3333 977 3398 timorem

267 3437 333 3524 Ipsi
356 3437 565 3504 reverentiam
588 3438 741 3523 prebebat
763 3443 795 3504 et
817 3438 990 3516 honorem

268 3545 370 3612 Versa
393 3545 460 3610 vice
482 3545 531 3610 vir
554 3545 653 3629 ipsios
676 3546 779 3629 ipsam
802 3545 966 3631 diligebat,

269 3650 478 3716 Dilectionem
502 3649 642 3716 debitam
666 3649 740 3714 huic
762 3649 943 3715 exhibebat.

219 3775 243 3812 ⁸⁶
269 3756 462 3822 Habitantes
485 3777 562 3842 ergo
585 3756 679 3820 mmai
702 3759 845 3820 sanctam
868 3757 1061 3840 peregerunt

269 3863 391 3944 Vitam,
414 3867 447 3928 et
468 3863 502 3927 in
524 3861 678 3928 servitute
700 3861 750 3926 dei
773 3863 1024 3946 permanserunt.

681 4017 697 4051 ἡ

191 4139 212 4194 (i
231 4145 264 4199 55
284 4144 320 4199 Et
339 4143 425 4199 monii
444 4141 594 4213 spurcitias
613 4139 727 4198 omnino
747 4139 926 4196 abhorrebat.
985 4137 1020 4192 V.
1039 4137 1081 4192 55,
1101 4136 1135 4191 56
1154 4132 1217 4188 sind
1235 4131 1266 4189 in

120 4223 328 4300 Gomgmtalit.
428 4233 463 4287 56
490 4231 569 4287 ZDe
586 4249 606 4286 s.
692 4229 725 4284 59
754 4227 826 4282 ΖΝ.
848 4227 931 4297 hujus
1036 4226 1070 4281 60
1097 4223 1124 4277 n
1143 4219 1266 4277 schreibt

120 4313 244 4372 doeebat.
318 4319 352 4374 64
379 4319 407 4374 Μ
426 4321 498 4374 aetat
516 4321 546 4376 et
565 4335 614 4374 vor
632 4317 767 4372 animam.
851 4318 885 4372 73
904 4315 923 4370 Ζ
942 4311 1103 4370 lesciesivit.
1184 4313 1218 4367 75
1238 4311 1265 4364 M

120 4399 184 4458 lasa
203 4405 244 4460 sni
263 4424 328 4480 weg.
390 4407 422 4463 sl
443 4409 493 4464 sto
511 4405 557 4463 dai
576 4403 743 4476 nmgestellt
762 4402 792 4459 in
811 4403 848 4460 Μ.
