3080 4938
678 378 718 445 71

123 569 222 633 quem
245 550 435 634 quiesceret,
469 573 634 636 quousque
666 553 762 617 etiem
791 553 830 618 ad
853 555 987 620 eundem
1011 558 1145 641 gradum
1169 583 1278 628 ascen-

120 654 221 734 deret,
244 659 277 720 et
299 655 447 720 omnibus
468 656 571 721 modis
593 678 651 740 per
673 680 785 722 usuras
808 663 841 722 et
864 659 1009 724 fallacias
1032 662 1112 728 alias
1135 665 1278 732 studeret

121 760 251 826 divitias
274 782 469 846 aggregare3
493 765 525 826 et
548 761 667 827 bonum
682 763 864 869 reipublice
886 763 919 828 in
942 786 1019 848 pace
1042 771 1074 832 et
1089 768 1207 834 virtute
1216 771 1276 838 im·

121 866 294 951 pediretur.

211 971 331 1048 Quinte
353 993 448 1037 cauea
471 976 519 1036 est
534 976 571 1036 ut
586 972 738 1040 nobilitas
753 995 818 1040 non
834 965 1029 1061 contemptui
1051 978 1182 1044 reniret.
1206 1003 1277 1046 oum

21 1143 24 1150 ,
121 1076 208 1142 enirn
231 1077 451 1156 mechanicus,
486 1077 543 1160 qui
565 1076 659 1144 hodie
681 1077 803 1144 calceos
825 1083 952 1164 pararit
982 1085 1016 1146 et
1044 1103 1114 1148 oras
1145 1084 1178 1149 in
1201 1107 1277 1150 oon·

121 1181 258 1246 sortium
275 1181 469 1266 primatuum
486 1181 688 1267 reciperetur,
711 1184 828 1249 nobilis
851 1185 1040 1266 efficeretur,
1064 1189 1195 1273 grandis
1218 1213 1276 1256 no·

121 1285 238 1352 bilinm
262 1287 419 1372 despectio
444 1291 477 1352 et
498 1287 616 1354 civium
639 1292 840 1373 contemptus
863 1289 948 1356 inter
970 1292 1095 1358 nobiles
1117 1293 1216 1361 fieret.

211 1391 307 1458 Sexte
329 1397 515 1458 causaest:
544 1415 618 1458 nam
642 1392 843 1462 mechanicus
866 1395 916 1460 vel
941 1402 1096 1464 mereator
1118 1399 1156 1466 de
1179 1397 1276 1468 Ulma

122 1497 246 1562 ditatus
269 1503 318 1564 est
340 1498 448 1584 gratia
471 1497 654 1582 reipublicae
671 1496 872 1564 Ulmensium
889 1505 921 1566 et
936 1502 974 1566 de
991 1500 1084 1568 bonis
1099 1505 1276 1572 concivium

121 1607 156 1666 ct
178 1603 418 1668 conservatione
440 1625 559 1670 eorum.
590 1602 661 1667 ideo
684 1625 748 1668 non
771 1609 819 1670 est
841 1627 967 1688 aequum
996 1612 1034 1672 ut
1060 1609 1163 1677 udhuc
1193 1633 1277 1694 prue-

122 1708 242 1773 mietur
264 1709 473 1794 amplioribus
496 1707 623 1795 gratiis,
646 1731 717 1774 oum
740 1711 847 1794 gratia
869 1710 912 1776 sit
933 1712 996 1776 sibi
1019 1714 1162 1798 prestito
1184 1737 1204 1780 a
1226 1739 1277 1781 re·

121 1813 266 1896 publica,
290 1837 386 1900 quam
409 1815 491 1880 forte
514 1837 579 1880 non
602 1814 733 1892 meruit,
765 1816 819 1880 sed
841 1815 949 1901 potius
973 1817 1041 1902 ipse
1064 1823 1191 1886 tenetur
1213 1821 1275 1886 rei·

120 1919 260 2003 publium
283 1921 322 1986 ad
339 1920 587 2007 regratiandum.
626 1918 760 1986 Alienus
776 1924 882 1984 autem
898 1921 985 1986 diras
1009 1923 1160 1990 inducens
1183 1948 1273 1992 suam

122 2023 338 2090 substantiam
369 2025 447 2090 alibi
478 2023 667 2109 acquisitam
698 2025 732 2088 in
755 2023 903 2106 Ulmum,
934 2029 1130 2111 remunerari
1161 2031 1275 2098 merito

121 2130 237 2208 debet,
271 2153 341 2196 cnm
375 2135 491 2216 praeter
524 2129 706 2214 reipublicae
728 2129 890 2198 Ulmensis
918 2133 1189 2202 conservationem
1219 2137 1277 2200 illa

121 2235 348 2320 acquisiverit,
371 2242 497 2304 etcum
520 2235 632 2301 alienis
654 2236 749 2302 rebus
777 2235 897 2302 bonum
919 2237 1101 2322 reipublicae
1122 2261 1277 2326 augmen-
1363 2295 1366 2302 ,

120 2343 226 2406 tutum
250 2340 303 2405 sit.
326 2341 396 2406 ideo
419 2341 532 2406 merito
555 2340 647 2406 debet
678 2342 880 2406 remunerari.
927 2341 972 2407 llt
1005 2342 1083 2410 inde
1112 2349 1161 2411 est
1191 2345 1275 2428 quod

119 2443 273 2510 annibalis
297 2468 361 2510 non
384 2446 545 2531 recipitur,
568 2445 623 2510 sed
645 2444 779 2512 alienus.
823 2495 829 2504 .

211 2549 352 2634 Septima
374 2573 468 2616 cansa
491 2555 557 2630 est,
591 2549 676 2635 quod
706 2571 779 2616 cum
809 2551 889 2616 meri
912 2553 1034 2619 nobiles
1065 2553 1274 2639 optimatibus

120 2653 263 2720 civitatis
287 2653 449 2722 Ulmensis
471 2655 638 2720 connubiis
661 2657 847 2742 iungantur,
871 2681 910 2723 ex
933 2681 996 2743 qno
1019 2661 1197 2744 respublica
1212 2659 1274 2726 Ul-

121 2759 240 2824 mensis
251 2761 422 2846 plurimum
434 2762 631 2826 honorabilis
643 2762 801 2841 redditum
814 2763 976 2830 audientes
988 2765 1038 2830 vel
1048 2765 1275 2850 intelligentes,

122 2864 324 2930 mechanicos
347 2887 456 2932 eorum
479 2866 723 2952 consanguineis
746 2869 886 2952 aequari,
910 2867 1095 2956 refugerent
1116 2870 1277 2935 connubia

121 2975 277 3054 tanquam
293 2971 453 3036 rusticana
469 2976 501 3036 et
515 2971 642 3035 villana
665 2972 718 3036 sed
735 2977 767 3036 et
782 2971 839 3036 ille
856 2973 1053 3038 deordinatio
1066 2975 1275 3062 contingeret,

122 3075 208 3159 quod
233 3076 339 3140 omnia
362 3099 457 3160 opera
479 3075 650 3155 nobilium,
683 3077 718 3142 in
751 3077 866 3162 quibus
893 3079 1109 3146 exercitantur
1131 3081 1214 3144 eires
1237 3079 1276 3143 de

121 3179 234 3245 ordine
255 3181 521 3265 magistratuum,
552 3181 692 3247 facerent
716 3182 811 3248 etiam
835 3181 883 3248 illi
906 3184 1031 3249 noviter
1053 3186 1087 3250 in
1110 3183 1201 3254 illum
1224 3205 1275 3248 or-

121 3286 229 3350 dinem
253 3287 417 3370 assumpti.
442 3291 479 3351 ut
501 3291 579 3371 puta
593 3287 671 3352 civis
695 3287 732 3354 de
755 3288 865 3352 ordine
881 3289 1076 3372 primatuum
1097 3289 1194 3356 habet
1217 3311 1275 3352 no·

122 3390 221 3455 bilem
243 3393 530 3478 consanguineum,
561 3393 649 3458 cuius
673 3391 757 3458 forte
778 3415 919 3458 sororem
942 3394 1040 3460 habet
1062 3417 1211 3472 uxorem,
1243 3397 1276 3458 et

121 3497 257 3562 eundem
282 3497 394 3562 tibizat
418 3503 454 3562 ut
477 3498 702 3583 propinquum,
727 3498 787 3563 hoc
810 3498 891 3564 idern
917 3497 1021 3564 facere
1038 3498 1134 3564 vellet
1149 3497 1276 3563 mecha·

120 3601 212 3666 nicus
236 3603 360 3667 noviter
382 3603 458 3668 civis
482 3603 595 3682 factus,
619 3603 704 3688 quod
727 3602 844 3667 nobilis
867 3603 958 3668 nullo
982 3605 1076 3669 modo
1092 3605 1274 3670 sustineret.

121 3705 258 3790 Insuper
279 3707 400 3773 nobiles
424 3709 582 3773 sustinent
614 3708 697 3772 cives
728 3729 833 3772 secum
864 3709 898 3772 in
920 3714 992 3774 ectu
1017 3709 1211 3787 venatoriis,
1244 3712 1276 3772 et

120 3833 194 3878 cum
218 3812 263 3876 eia
286 3811 466 3878 hastiludiis
490 3818 605 3878 vacant
635 3817 789 3897 tanquam
816 3835 885 3877 curn
921 3814 1101 3894 nobilibus,
1132 3814 1196 3878 imo
1219 3835 1276 3878 nec

124 3918 260 3982 barones
282 3918 365 3982 cives
389 3919 475 3982 tertii
499 3919 618 3984 ordinis
641 3915 809 3982 Ulmenses
841 3919 962 3996 ritant,
996 3920 1070 3984 dum
1093 3919 1274 4004 insignibus

118 4045 187 4088 suae
211 4023 352 4108 antiquae
374 4023 538 4088 civilitatis
561 4024 665 4088 ornati
688 4027 773 4100 sunt,
796 4023 850 4086 sed
873 4023 911 4088 de
931 4022 1051 4090 curritis
1066 4028 1274 4107 assumptum,

121 4129 212 4192 euius
236 4129 375 4214 insignia
391 4151 453 4192 non
471 4134 575 4193 essent
591 4128 730 4213 cognita,
755 4127 844 4192 nullo
859 4130 953 4193 rnodo
968 4131 1000 4193 in
1018 4131 1124 4215 platea
1140 4130 1276 4194 hastilu-

120 4234 246 4298 diorum
275 4234 485 4312 sustinerent,
518 4235 579 4300 nisi
611 4233 695 4300 forte
726 4235 758 4296 in
792 4233 989 4302 derisionem.
1035 4235 1080 4300 Et
1110 4234 1194 4320 quod
1226 4233 1276 4297 his

121 4338 328 4424 praestantius
351 4343 409 4418 est,
434 4339 555 4404 nobiles
578 4362 650 4406 cum
675 4339 865 4404 difficultate
889 4341 1065 4406 admittunt
1092 4341 1125 4406 in
1149 4345 1277 4404 tornea·

121 4447 232 4508 menta
255 4465 308 4508 eos
331 4444 458 4522 milites,
483 4445 538 4528 qni
561 4447 598 4510 de
621 4445 778 4510 matribus
803 4447 869 4508 nati
892 4453 984 4522 sunt,
1008 4469 1079 4529 quae
1104 4446 1176 4510 [ilice
1200 4449 1276 4510 sunt

1026 4569 1113 4624 δ’.
