3080 4938
697 365 738 433 31

144 543 249 628 primo
271 543 424 609 suburbia
447 545 595 624 incendit,
619 546 731 610 deinde
753 545 909 610 machinis
933 565 1040 609 muros
1063 544 1219 628 impetens
1242 565 1294 608 eos

145 647 292 733 pluribus
314 650 348 714 in
370 650 515 734 partibus
538 650 643 734 rupit,
675 651 866 735 tandemque
894 650 977 734 cepit
1009 653 1041 714 et
1065 647 1296 714 munitionibus

146 753 277 820 deiectis
300 755 462 820 civitatem
478 757 644 832 destruxit,
669 761 701 821 et
716 755 827 820 multis
843 755 965 820 civibus
985 754 1160 820 interfectis
1175 759 1295 820 ceteros

144 860 328 944 captivavit,
353 860 432 926 alios
449 861 607 946 dispersit,
630 865 663 926 et
685 861 732 926 ita
755 883 804 926 res
827 860 955 944 publica
978 859 1179 926 Ulmensium
1194 859 1228 924 in
1244 860 1294 924 ni·

147 963 247 1029 hilum
272 965 399 1030 redacta
421 970 478 1032 est.
525 965 696 1051 Dissipatis
719 987 794 1050 ergo
818 964 1021 1031 Ulmensibns
1044 969 1173 1030 vocatus
1196 965 1296 1050 impe-

146 1075 235 1134 rator
257 1093 277 1134 a
308 1093 392 1154 papa
421 1070 556 1136 intravit
586 1069 732 1150 Italiam,
766 1071 875 1155 ibique
906 1070 1043 1136 existens
1072 1073 1216 1135 mortuus
1248 1075 1297 1134 est

146 1173 290 1240 Veronae.
346 1174 415 1250 Quo
444 1174 594 1242 defuncto
625 1175 813 1262 congregati
841 1175 997 1260 principes
1029 1176 1180 1241 electores
1211 1169 1394 1248 annasilim

144 1280 266 1345 domini
290 1281 374 1346 1138
405 1281 599 1346 unanimiter
626 1282 814 1366 praedictum
842 1283 953 1348 ducem
977 1280 1099 1348 Sneviae
1131 1280 1297 1366 elegerunt

144 1385 178 1450 in
201 1383 419 1452 Romanorum
441 1408 566 1471 regem,
596 1385 785 1453 conradum.
830 1387 947 1452 Factus
979 1409 1056 1472 ergo
1085 1409 1139 1452 rex
1164 1386 1296 1454 Ulmen·
1413 1399 1416 1408 '

144 1491 233 1556 sibus
256 1494 386 1575 propter
402 1509 435 1556 se
451 1491 606 1556 excidium
629 1493 730 1575 passis
745 1493 893 1558 misertus
909 1491 1098 1558 reedificare
1113 1515 1201 1557 suam
1219 1492 1296 1556 civi-

143 1601 246 1662 tatem
267 1596 418 1680 pracepit
439 1600 471 1662 et
493 1596 595 1660 multa
629 1597 766 1662 contulit
797 1596 977 1682 privilegia,
1008 1597 1116 1682 eisque
1142 1596 1176 1661 in
1207 1598 1297 1662 adiu·

145 1701 267 1766 tarium
288 1700 395 1786 plures
417 1700 615 1767 laboratores
638 1702 734 1766 misit.
781 1700 915 1786 Insuper
947 1701 1042 1766 multi
1075 1701 1196 1768 nobiles
1224 1723 1296 1768 cum

145 1807 191 1872 eis
215 1807 256 1871 ad
278 1805 496 1871 aedificandum
520 1809 735 1870 convenerunt
764 1809 796 1870 et
826 1806 921 1870 multi
948 1807 987 1870 de
1020 1805 1091 1870 aliia
1113 1806 1296 1872 civitatibus

143 1912 229 1978 cives
245 1911 284 1976 ad
297 1932 350 1976 ecs
365 1911 665 1995 commigraverunt,
689 1909 821 1976 collecta
836 1933 962 1995 quoque
978 1915 1026 1978 est
1041 1911 1171 1998 grandis
1187 1911 1297 1976 multi·

145 2017 225 2082 tudo
246 2017 286 2082 ad
318 2016 558 2081 instaurandam
590 2017 782 2081 destructam
817 2016 955 2082 Ulmam.
1012 2015 1163 2082 Videutes
1191 2021 1297 2084 autem

144 2121 313 2188 Ulmenses
341 2121 588 2200 multitudinem,
611 2121 751 2186 levorem
775 2126 808 2188 et
828 2121 913 2188 forte
936 2123 1139 2202 adiutorium,
1163 2123 1297 2189 animati

144 2231 232 2306 sunt,
255 2233 288 2294 et
311 2249 375 2292 non
398 2227 566 2312 antiquum
589 2227 739 2312 oppidum
764 2228 846 2292 exile
869 2233 901 2292 et
925 2251 1077 2313 parvum,
1104 2229 1158 2294 sed
1181 2251 1297 2294 novam

141 2334 256 2400 urbem
289 2333 444 2399 edificare
473 2333 686 2398 decreverunt.
741 2332 801 2398 Die
829 2355 906 2418 ergo
933 2337 1070 2412 statuto,
1099 2334 1225 2418 populis
1257 2335 1296 2398 ad

143 2439 355 2504 laborandum
378 2438 516 2523 paratis,
544 2437 662 2502 iunctis
686 2437 787 2504 bobus
810 2441 917 2504 aratro
940 2439 973 2504 in
996 2439 1105 2504 littore
1130 2438 1295 2504 Danubii¹

143 2545 249 2610 lutum
273 2544 394 2610 sulcare
416 2546 581 2628 coeperunt
602 2564 660 2626 per
682 2563 798 2628 gyrum
822 2544 947 2628 antiqui
971 2543 1078 2628 oppidi
1098 2542 1233 2608 multum
1256 2543 1296 2607 ab

144 2649 233 2714 omni
257 2652 348 2733 parte
370 2648 509 2733 spatium
533 2647 684 2712 urbantes
710 2647 794 2712 ultra
817 2649 970 2714 terminos
994 2647 1134 2732 antiquae
1156 2647 1296 2713 civitatis

140 2775 243 2837 usque
265 2751 417 2816 inaliam
441 2749 582 2816 Danubii
604 2755 738 2834 partem.
784 2750 929 2836 Spatium
953 2753 1037 2818 enim
1055 2753 1195 2838 antiquar
1218 2753 1296 2816 civi·
1412 2745 1424 2772 “

141 2859 221 2922 tatis
245 2879 308 2921 non
331 2861 400 2921 erat
423 2855 485 2920 nisi
508 2856 643 2920 duorum
656 2855 780 2920 milium
804 2862 836 2922 et
858 2861 984 2922 centum
1008 2879 1158 2942 passuum
1173 2855 1197 2938 ²,
1220 2879 1296 2923 ecn-

142 2949 318 3028 numeiatis
349 2959 495 3044 passibus
527 2961 623 3024 etiam
654 2959 741 3024 illius
775 2959 884 3026 lateris
916 2962 969 3026 ubi
1000 2962 1165 3028 Danubius
1194 2962 1293 3028 muris

141 3067 300 3152 iungitur,
323 3067 407 3152 quod
431 3067 515 3131 arari
538 3065 664 3151 quidem
687 3071 795 3131 aratro
810 3089 873 3132 non
897 3071 1011 3152 potest,
1035 3069 1088 3134 aed
1108 3068 1211 3134 cimba
1226 3067 1293 3132 sul-

140 3173 218 3238 cari.
265 3173 351 3238 ΕΒΗ
377 3167 482 3238 autem
505 3171 766 3236 considerandum
799 3173 881 3257 quod
911 3173 1050 3256 duplices
1073 3177 1148 3238 sunt
1171 3195 1292 3256 passus,

139 3301 255 3364 passus
277 3277 398 3343 scilicet
420 3299 602 3342 communes
618 3276 845 3342 ambulationis
861 3279 893 3342 et
908 3299 1019 3362 passus
1036 3277 1291 3356 mensurationis,

138 3405 254 3469 passus
277 3383 339 3446 duo
363 3381 528 3466 deprimis
544 3379 668 3445 faciunt
692 3403 789 3446 unum
805 3382 842 3446 de
858 3381 1011 3460 secundis,
1036 3381 1074 3446 de
1089 3381 1201 3466 primis
1216 3404 1292 3466 ergo

139 3489 241 3554 habet
264 3487 360 3555 Ulma
382 3509 437 3552 sex
468 3484 558 3550 milia
581 3489 613 3548 et
636 3485 886 3572 quadringentos
917 3507 1046 3570 passus,
1080 3486 1118 3551 de
1149 3489 1293 3552 secundis

140 3616 220 3660 vero
241 3594 339 3658 habet
362 3593 425 3656 tria
447 3589 537 3656 milia
559 3595 590 3654 et
612 3591 781 3670 ducentos,
810 3593 864 3675 qui
898 3592 1020 3656 faciunt
1049 3593 1165 3678 viginti
1198 3594 1292 3678 quiu-

140 3723 204 3786 que
235 3697 338 3762 stadia
375 3703 406 3762 et
443 3697 648 3781 septuaginta
685 3697 825 3781 quinque
858 3719 970 3782 passus
1009 3701 1254 3766 mensurationis
1268 3701 1290 3766 ‘.

217 3923 360 3980 lbiatnm
379 3923 519 3979 Goldut.
541 3923 612 3980 Mon.
634 3925 657 3978 1.
733 3925 794 3978 28.
814 3941 834 3978 a.
860 3925 902 3979 19.
987 3925 1186 3982 dilatantem
1206 3967 1212 3981 .
1231 3969 1238 3985 .
1260 3969 1291 3983 ..

143 4009 471 4082 septuagintaquinque
494 4027 592 4080 Passus
619 4011 835 4066 mensurationis
854 4011 925 4066 fehlt
950 4012 992 4068 bel
1012 4013 1092 4070 Gold.
1112 4017 1150 4069 ut.
1171 4014 1228 4069 und
1247 4016 1291 4088 bei

140 4099 215 4156 tlon.
237 4099 266 4162 1;
287 4096 431 4153 vielleicht
449 4097 536 4152 durch
556 4099 600 4154 ein
623 4099 763 4162 varaehen,
782 4098 844 4153 weil
859 4099 908 4154 der
921 4099 1054 4168 fulgenda
1072 4103 1133 4156 sata
1154 4103 1292 4158 abentulls

140 4185 195 4242 mit
215 4185 264 4239 Est
282 4187 378 4240 autem
397 4185 528 4258 inungo
675 4190 691 4240 4
731 4187 890 4240 Istud:
928 4188 976 4242 125
996 4205 1066 4256 pass.
1086 4205 1187 4252 mens.;

718 4275 751 4328 ⁸25
795 4295 807 4321 s
854 4295 888 4322 =
907 4276 975 4330 3125
1026 4299 1037 4322 ι
1120 4297 1133 4326 a

849 4363 884 4434 t
901 4365 987 4446 -.3⁵-

846 4471 882 4498 =
900 4451 969 4506 aaoo
1024 4473 1036 4500 »
1118 4473 1130 4500 2
