3080 4938
769 349 811 412 42

118 517 333 596 ¹‚‘,{⁰¹,‘{;,‚babere
366 520 597 585 auctoritatem.
651 521 814 607 Praecipue
845 528 951 589 tamen
982 527 1155 591 maioribus
1190 508 1369 615 privilegiis

215 626 333 710 gaudet
356 625 427 690 aliis
450 624 594 710 plebanis
618 627 651 690 iu
675 627 799 692 casibus
833 628 1063 713 episcopalibus
1095 637 1127 694 et
1157 631 1191 695 in
1223 632 1369 715 pluribus

216 732 286 796 aliis
309 755 379 816 quae
402 737 539 797 transeo.

303 837 408 923 Igitur
429 843 503 921 post
526 837 662 903 ecclesiae
685 839 876 922 parochialis
906 840 1149 905 translationem
1178 845 1211 906 et
1234 841 1370 906 reaedifi·

217 943 373 1007 cntionem
406 947 438 1006 et
468 943 735 1008 consecrationem
766 944 902 1029 regressi
933 948 1009 1009 sunt
1037 943 1203 1010 Ulmenses
1234 948 1273 1011 ad
1303 971 1370 1012 snae

217 1047 355 1112 civitatis
379 1047 623 1130 completionem
646 1051 679 1112 et
701 1070 865 1114 murorum
888 1071 945 1133 per
977 1070 1094 1133 gyrum
1124 1050 1370 1130 conclusionem,

218 1174 282 1215 non
312 1151 396 1215 enim
427 1155 495 1216 erat
528 1151 631 1216 adhuc
663 1152 802 1235 undique
832 1153 940 1217 clausa
970 1153 1092 1219 civitas.
1143 1156 1189 1219 Ad
1221 1177 1371 1220 consum·

219 1257 390 1320 mationem
414 1261 520 1322 autem
544 1257 647 1340 operis
672 1279 780 1322 omnes
804 1279 916 1322 manus
940 1264 1157 1342 apposuerunt
1171 1260 1268 1324 etiam
1284 1261 1371 1344 opti-

219 1367 320 1427 mates
343 1363 502 1442 civitatis,
537 1367 568 1428 et
599 1385 662 1448 quo
694 1363 797 1428 adhue
820 1363 983 1448 probiores
1006 1365 1136 1429 fuerant
1160 1365 1371 1448 optimatibus

220 1466 412 1544 Jerusalem,
442 1468 476 1532 in
506 1469 595 1533 cuins
618 1470 882 1534 restaurationem
914 1491 977 1534 non
1009 1475 1225 1554 apposuerunt
1246 1493 1372 1550 manue,

220 1578 257 1638 ut
278 1572 415 1638 habetur
438 1574 571 1666 Nehem.
597 1576 627 1639 2.
673 1575 717 1639 Et
739 1581 908 1640 erexerunt
923 1577 1019 1640 etiam
1036 1575 1115 1638 alias
1135 1578 1239 1638 turres
1256 1579 1373 1657 praeter

221 1701 307 1743 arces
330 1681 506 1763 portarurn,
530 1683 562 1744 et
585 1679 660 1764 quia
683 1681 818 1764 populus
841 1682 874 1744 in
897 1681 964 1746 dies
987 1679 1281 1764 multiplicabatur,
1314 1679 1372 1744 fie-

221 1785 340 1868 batque
364 1785 476 1848 oivitas
492 1785 699 1870 negotiativa‚
723 1786 912 1850 addiderunt
927 1785 1030 1850 adhuc
1045 1785 1123 1849 duas
1139 1788 1247 1869 portes
1268 1783 1373 1849 tribus

222 1890 293 1952 aliis
316 1889 405 1973 prius
429 1889 602 1966 aedificatis
626 1895 753 1974 portam
777 1889 902 1955 Novam
926 1895 958 1956 et
980 1895 1106 1975 portam
1131 1890 1311 1970 Aucarum,
1341 1895 1374 1954 et

221 1995 268 2059 ita
290 1999 365 2059 sunt
393 1994 487 2059 factas
519 1997 659 2080 quinque
689 2000 810 2080 portae,
841 1997 961 2061 scilicet
993 2001 1086 2080 porta
1115 1995 1226 2060 Pontis
1256 1997 1373 2081 gregis,

222 2104 316 2183 porta
331 2100 432 2164 beatas
452 2097 605 2184 Virginis,
630 2105 722 2184 porta
738 2099 841 2180 Nora,
857 2105 951 2186 porta
967 2101 1217 2186 Gbgglingensis
1233 2105 1265 2165 et
1280 2105 1375 2184 porta

225 2205 393 2273 Aucarum.
440 2203 522 2269 Sunt
556 2211 589 2270 et
621 2207 692 2270 aliae
722 2211 821 2290 portae
853 2213 965 2271 contra
986 2205 1171 2271 Danubium
1203 2227 1308 2290 parvae
1341 2209 1374 2270 et

223 2331 285 2372 nou
303 2309 439 2389 usitatae,
457 2311 495 2374 de
511 2311 625 2394 quibus
641 2333 706 2376 non
722 2315 770 2376 est
785 2312 941 2397 ingressio
959 2335 1014 2377 nec
1031 2313 1168 2396 egressio
1186 2311 1373 2390 alienorum,

224 2415 294 2478 ideo
316 2437 381 2479 non
403 2421 621 2482 numerantur.

120 2602 155 2635 uu
166 2600 224 2635 nola.

128 2825 222 2950 ἓξὲξ
296 2839 355 2905 De
387 2837 635 2902 formavel
667 2836 791 2902 facie
823 2837 1044 2902 civitatis
1078 2837 1315 2904 ulmensis.

314 3031 411 3098 Ulma
432 3031 545 3096 civitas
568 3033 744 3112 atempore
760 3049 825 3092 suas
842 3027 1068 3111 ampliationis,
1092 3028 1131 3092 ab
1156 3050 1241 3093 anno
1256 3029 1378 3094 seilicet

229 3139 436 3222 nasusque
459 3135 499 3200 ad
529 3137 648 3198 anniam
671 3137 859 3217 praesentem
885 3133 968 3197 1488
985 3133 1006 3212 ¹,
1040 3133 1130 3197 stetit
1160 3133 1193 3197 in
1225 3135 1377 3199 continno

227 3245 439 3321 incremento,
472 3261 637 3326 quousque
668 3239 801 3304 deducta
830 3243 878 3303 est
900 3239 933 3302 in
964 3237 1101 3303 formam
1130 3239 1377 3323 pulcherrimam

228 3349 319 3414 faciei
351 3347 463 3426 huius,
494 3369 590 3430 quam
620 3367 705 3408 nunc
734 3345 767 3408 in
800 3345 1041 3428 praesentiarum
1072 3344 1238 3409 cernimus.
1286 3343 1379 3409 Hanc

228 3455 364 3518 formam
387 3451 556 3536 dupliciter
578 3450 775 3514 considerare
797 3471 983 3533 possumus,
1017 3449 1057 3513 ab
1091 3454 1182 3514 extra
1204 3449 1324 3515 scilicet
1348 3454 1381 3514 et

229 3560 269 3624 ab
291 3559 387 3623 intra.
434 3556 486 3621 Ab
521 3561 611 3621 extra
640 3553 737 3620 talem
765 3555 863 3619 habet
894 3554 1143 3639 dispositionem.
1191 3555 1250 3618 Est
1285 3553 1381 3620 Ulma

230 3665 341 3730 civitas
363 3663 396 3726 in
426 3661 520 3726 litore
542 3660 683 3725 Danubii
714 3661 803 3744 quasi
835 3661 868 3724 in
903 3659 1019 3725 circulo
1051 3660 1213 3726 collocata.
1260 3659 1380 3724 Contra

229 3767 467 3834 meridionalem
490 3768 620 3854 plagam
643 3767 740 3831 habet
762 3771 871 3850 portas
891 3765 978 3844 duas,
1003 3765 1122 3830 scilicet
1137 3764 1343 3830 Lanistarum
1358 3763 1380 3845 ²,

230 3896 403 3960 perquam
427 3876 475 3938 est
497 3873 599 3938 exitus
627 3873 660 3936 in
689 3871 855 3936 macellum
880 3871 973 3936 etad
997 3869 1145 3934 Blauium
1168 3869 1301 3935 fluvium
1325 3871 1379 3956 qui

231 3981 277 4046 ibi
300 3981 398 4044 muris
421 3979 560 4043 inclusus
583 3977 773 4062 pertransit,
806 3981 839 4042 et
861 3977 977 4041 dicitur
999 3975 1206 4054 lanistarum,
1242 3977 1318 4059 quia
1340 3977 1379 4041 ad

798 4140 816 4179 ’l‘

306 4253 316 4304 l
339 4248 406 4304 1454
427 4247 500 4303 Mon,
520 4246 544 4310 1,
564 4246 632 4301 aber
650 4246 703 4300 mit
721 4249 797 4303 roter
825 4247 898 4300 tinto
919 4245 957 4300 ist
981 4244 1284 4314 dariibergesobrieben
1306 4245 1381 4300 1488.

235 4339 302 4393 1454
320 4337 407 4390 Wibl.
426 4334 507 4392 Gold.
526 4338 567 4389 ut
605 4336 672 4389 1488
685 4335 784 4390 Schad.
799 4333 840 4388 Kl.
854 4333 956 4389 ebenso
976 4333 1077 4390 Mon2
1097 4332 1145 4389 fol.
1160 4331 1211 4388 193
1226 4331 1255 4384 B.
1291 4333 1308 4386 2
1329 4331 1383 4387 Der

234 4426 304 4481 noch
323 4423 455 4479 stehende
474 4421 705 4492 Metagerthurm.
