3034 4922
582 435 586 442 ⁴
668 353 731 420 249

440 633 492 706 lle
520 634 760 730 dispositione
787 638 956 732 sepulcri.

144 879 145 882 =
278 841 382 908 Huius
403 845 510 908 antem
531 844 730 909 monumenti
752 846 931 930 sepulcrum
953 849 1118 930 mattula,

201 965 254 1004 uu
279 946 317 1012 ln
340 969 403 1034 quo
426 949 564 1014 locatum
585 947 691 1015 fuerat
713 972 827 1036 corpus
849 951 1024 1039 virginale:

279 1052 373 1137 Lapis
397 1053 547 1138 quiddam
568 1054 700 1139 pulcher
722 1060 792 1122 crat
813 1057 931 1142 politus
954 1063 986 1124 et
1009 1060 1193 1144 quadratum,

281 1157 326 1223 nt
348 1159 387 1248 ad
409 1181 590 1224 mensuram
612 1159 750 1226 hominis
772 1162 887 1248 longus
910 1169 942 1230 et
964 1168 1103 1231 cavatus.

280 1262 375 1330 Parte
396 1263 460 1331 fuit
481 1266 609 1351 patulus
631 1267 665 1331 iu
688 1268 843 1352 superiori

281 1370 332 1435 Ex
353 1393 386 1436 se
407 1371 543 1437 fundum
563 1392 656 1438 suum
678 1371 799 1438 habens
821 1373 856 1438 in
878 1373 1032 1458 inferiori,

202 1494 255 1530 mo
280 1474 377 1540 Latus
398 1479 431 1542 et
452 1477 691 1563 quadrangulus
713 1477 795 1563 lapis
818 1479 995 1563 ponebatur

281 1581 423 1665 Desuper
445 1585 477 1647 et
498 1582 559 1648 hoc
582 1583 761 1668 sepulcrum
782 1583 830 1648 ita
851 1585 1031 1670 tegebatur,

282 1685 328 1753 Ut
350 1709 407 1752 nec
429 1691 514 1752 terra
535 1709 637 1772 neque
659 1688 763 1773 pulvis
786 1689 872 1754 intus
895 1689 1063 1772 laberetur,
1137 1702 1141 1711 ‘

285 1790 343 1856 Per
366 1793 449 1876 quod
471 1791 533 1858 hoo
554 1793 788 1860 conclusimum
809 1817 922 1880 corpus
944 1795 1132 1864 fuscaretur.

125 2108 1270 2211 QuodapostoliexcubabantcircasepulcrumMarievirginis.

284 2320 406 2406 Corpus
428 2344 504 2409 ergo
528 2322 661 2409 virginis
684 2325 798 2408 pannis
819 2325 1000 2390 involutum

210 2445 260 2485 urs
284 2427 415 2493 Necnon
436 2429 632 2494 aromatibus
654 2431 816 2495 conditum
839 2435 871 2495 et
893 2431 1061 2510 imbutum,

282 2533 462 2626 Ptedictum
484 2535 518 2598 in
540 2535 742 2621 sarcofagum
765 2531 901 2620 apostoli
923 2537 1093 2620 ponebant,

281 2639 387 2725 Atque
408 2639 510 2704 latum
533 2641 670 2724 lapidem
693 2641 826 2725 desuper
847 2642 1008 2726 tegebant.

282 2743 472 2830 Ipsiquoque
493 2745 577 2810 cirea
598 2745 741 2811 tumbam
765 2746 912 2811 sederunt
934 2747 1124 2812 excubantes

282 2849 317 2916 ln
341 2851 538 2916 orationibus
561 2853 594 2916 et
615 2851 742 2935 hymnis
764 2851 983 2935 prestolantes,

209 2973 258 3010 ²⁴²⁰
284 2955 391 3041 Usque
411 2957 494 3020 diem
518 2957 656 3034 tertium,
680 2961 716 3020 ut
739 2957 871 3041 augelus
894 2958 1026 3034 veniret,

282 3061 326 3126 nt
348 3061 497 3126 reducens
520 3061 658 3126 animam
681 3084 806 3126 rursum
829 3061 911 3128 hanc
933 3061 1039 3126 uniret

283 3166 424 3252 Corpori,
447 3165 492 3230 sic
513 3166 630 3232 iterum
653 3166 788 3234 Mariam
810 3167 983 3232 redivivam

285 3269 380 3336 Suam
402 3269 495 3338 Jeeus
517 3273 654 3358 gloriam
676 3273 837 3338 reduceret
859 3273 893 3336 in
916 3273 1031 3350 divam,

286 3375 351 3442 Nec
373 3377 469 3442 etiam
492 3401 511 3441 a
533 3377 657 3444 tumulo
679 3379 779 3443 nubes
801 3377 974 3456 recedebat,

212 3499 259 3537 na
285 3481 446 3566 Apostolis
468 3483 681 3562 manentibus,
705 3483 827 3568 etipsa
850 3483 1062 3568 permanebat

204 3799 302 3883 Quod
325 3801 436 3875 Jesus
464 3802 668 3895 assumpsit
696 3823 829 3896 corpus
855 3801 973 3872 Mario
1001 3801 1039 3871 in
1068 3799 1199 3872 celum.

285 4009 361 4078 Post
383 4012 443 4077 hoc
465 4016 572 4077 autem
593 4011 627 4074 in
650 4031 765 4074 aurora
787 4009 880 4074 tertie
903 4008 965 4073 diei

285 4116 447 4203 Apostolis
470 4117 650 4182 sedentibus
674 4115 712 4180 ad
735 4115 880 4180 tumbam
902 4113 1013 4178 matris
1035 4111 1095 4190 dei,

285 4219 413 4307 Ipsique
435 4245 507 4288 cum
529 4223 627 4288 nimio
649 4243 762 4306 sopore
784 4224 1001 4305 premerentur

286 4325 329 4390 nt
350 4347 459 4391 eorum
481 4325 565 4392 oculi
586 4345 696 4390 somno
720 4327 939 4410 gravarentur,

213 4445 260 4484 ⁷⁴³⁰
286 4427 373 4495 Tunc
396 4453 469 4496 cum
490 4429 694 4498 multitudiue
716 4429 804 4494 venit
826 4427 1013 4514 angelorum
