2996 4924
757 331 797 400 71

358 507 445 577 Nam
467 511 602 578 iusserat
624 511 797 597 imaginem
820 510 921 595 ipsius
944 507 1109 595 preparari

359 618 406 682 Et
427 640 483 702 per
504 618 658 683 mundum
680 618 763 682 sicut
785 617 878 682 deum
901 638 935 682 se
956 615 1033 681 facit
1055 616 1189 681 adorari.

359 721 451 788 Horo
472 723 599 808 quando
621 723 706 788 filins
730 723 779 788 dei
801 725 895 786 natus
917 721 990 800 fuit,

272 844 331 884 asca
362 826 427 892 Mel
449 849 505 912 per
527 828 709 920 universum
732 827 885 892 mundum
907 829 1142 910 superterram
1164 825 1267 910 pluit3

362 931 447 998 Nam
469 931 547 1000 facti
569 939 645 999 sunt
666 933 811 1026 melliflui
832 956 888 1018 per
911 937 1017 998 totum
1039 931 1192 996 mundum
1215 931 1273 995 coli

356 1037 479 1104 Dantes
501 1039 720 1104 testimonium
742 1039 849 1124 partui
871 1037 966 1103 fideli.

359 1143 421 1208 Per
443 1148 547 1209 totum
568 1145 722 1210 mundum
744 1143 877 1210 domina
898 1147 1012 1208 cuncta
1034 1141 1247 1206 substiterunt

356 1247 475 1314 'Pribns
497 1248 584 1314 horis
607 1270 664 1314 nac
686 1249 726 1314 ad
746 1250 812 1314 ima
834 1249 970 1324 fluendo,
983 1246 1220 1314 descenderunt.

267 1373 327 1411 1¹⁴⁰
356 1352 474 1419 Omnes
496 1353 663 1419 subitanea
683 1357 785 1419 morte
807 1354 997 1434 moriuntur,

356 1459 394 1524 In
417 1457 626 1524 Sodomorum
649 1459 730 1524 vicio
752 1459 807 1544 qui
829 1464 906 1524 tunc
928 1459 1138 1544 reperiuntur.

354 1563 416 1628 Illa
438 1569 530 1630 nocte
550 1567 642 1630 vetus
665 1563 761 1630 archa
784 1565 1027 1650 quondamque
1050 1564 1165 1630 resedit

354 1668 394 1734 In
415 1669 576 1735 montibus
599 1669 751 1736 Armenio
774 1669 898 1734 mistice
920 1673 996 1734 tuno
1019 1669 1105 1734 dedit

355 1772 477 1840 Verum
499 1775 717 1840 testimonium
740 1774 867 1840 florenti
888 1773 1029 1840 trinitati

267 1899 327 1936 ιω
355 1879 393 1944 In
415 1878 491 1944 Jcsu
515 1880 564 1946 dei
587 1881 654 1946 filio
677 1881 716 1946 ds
737 1880 841 1945 Maria
862 1879 949 1957 nati;

355 1982 442 2050 Nam
463 2005 502 2048 ex
524 2006 562 2049 sa
583 1985 647 2049 tria
668 1983 759 2069 ligna
780 1983 841 2048 hac
863 1987 955 2048 nocte
978 1982 1153 2062 viruerunt,

353 2087 481 2168 Remos,
504 2088 632 2155 frondes
655 2093 751 2174 atque
773 2089 866 2154 fiores
889 2109 960 2152 cum
983 2086 1091 2152 fructu
1114 2087 1324 2172 protulerunt.

352 2193 413 2259 nst
434 2193 624 2260 Fidenatum
646 2195 759 2260 civitas
781 2195 815 2259 in
839 2217 901 2279 que
923 2215 1121 2279 paganorum

352 2297 453 2364 Simul
476 2300 515 2364 ad
538 2300 761 2384 spectaculum,
784 2301 868 2385 quod
891 2300 1105 2386 gladiatorum

268 2423 324 2461 πω
352 2404 487 2484 Dicitur,
512 2410 588 2470 tunc
610 2405 699 2470 milio
722 2405 838 2490 viginti
861 2409 1086 2484 convenerunt,

351 2508 413 2586 Qui
435 2510 530 2574 simul
553 2510 598 2574 ibi
620 2509 728 2574 subita
748 2516 851 2574 morta
872 2510 1044 2594 perierunt.

350 2613 420 2677 Hac
441 2613 520 2680 hora
542 2613 627 2680 facta
648 2615 806 2700 grandina
825 2615 858 2678 in
879 2613 1016 2680 barbara
1034 2613 1132 2700 Ryzia

348 2717 474 2784 coesus
496 2743 534 2786 cx
556 2719 663 2786 ethere
686 2719 820 2805 quedam
842 2721 955 2800 iconia,

347 2823 496 2890 Formam
519 2825 638 2890 habens
661 2825 794 2910 virginis
817 2827 850 2890 in
873 2825 1011 2890 brachiis
1033 2824 1189 2890 infantem
1251 2839 1255 2848 “

264 2947 323 2986 ¹⁹⁶⁵
350 2926 543 2996 Coronatum
565 2930 668 3016 capite
689 2952 747 2996 suo
769 2931 973 3008 baiulantem,

347 3033 444 3099 Citius
465 3041 547 3102 osset
569 3035 627 3102 hec
649 3037 756 3122 imago
778 3037 910 3102 materie
935 3037 984 3100 vel
1007 3039 1062 3114 rei,

346 3138 449 3206 Nemo
472 3141 564 3206 scivit
586 3141 649 3206 nisi
671 3139 754 3206 foret
775 3141 859 3206 forte
880 3140 1012 3226 glaciei3

349 3243 470 3311 Tamen
494 3268 558 3312 non
581 3247 621 3310 ab
644 3246 752 3330 aliquo
775 3245 879 3310 calore
902 3245 1085 3310 solvebatur

346 3347 408 3415 Sed
430 3351 462 3414 in
486 3351 555 3416 luto
577 3351 681 3435 posita
703 3351 757 3416 diu
779 3351 976 3429 servabatur,

264 3475 320 3512 mo
349 3453 414 3520 Ubi
436 3477 515 3542 gens
539 3457 703 3522 barbarica
725 3455 857 3520 delubra
878 3455 1013 3534 colebat,

346 3559 423 3626 Post
444 3561 580 3648 triginta
602 3562 680 3626 duos
704 3581 803 3626 annos
826 3564 902 3624 tunc
924 3559 1111 3644 liquifiebat.

347 3663 407 3730 Per
428 3665 569 3750 illudque
592 3665 769 3730 misterium
790 3664 1017 3728 incarnationis

346 3769 492 3856 congrue
514 3771 702 3836 describitur
724 3777 820 3855 atquc
841 3768 1007 3854 passionis,

347 3873 477 3950 Quando
499 3875 688 3960 liquefactus
711 3879 760 3940 est
781 3874 891 3940 Jcsum
914 3873 1063 3959 patiendo

261 4001 319 4037 ms
347 3977 552 4066 Virginisqoe
574 3981 704 4065 spiritus
727 3981 761 4044 iu
784 3979 1012 4062 compatiendo.

350 4081 446 4150 Rome
467 4085 621 4169 templum
642 4085 764 4150 corruit
783 4083 873 4149 Pacis
896 4084 1100 4169 appellatum,

348 4187 393 4254 De
414 4213 476 4276 quo
498 4191 593 4276 longe
615 4191 720 4256 fuerat
741 4194 816 4254 ante
838 4190 1075 4276 prophetatum,

751 4329 769 4372 *

251 4413 331 4476 1952
350 4413 373 4470 G
390 4415 445 4474 nod
464 4417 482 4472 Z
500 4419 585 4476 rusia.
