3060 4936
664 365 728 431 223

331 539 380 606 Tu
404 547 529 607 nostros
552 541 669 607 etenim
692 541 777 626 potis
795 555 832 607 'es
855 539 1010 627 depellere
1033 542 1160 609 morbos

258 631 260 636 ⁸
374 645 539 732 AEgraque
563 647 600 712 de
623 647 730 732 tepido
752 647 895 712 membra
917 647 1022 712 levare
1044 646 1149 714 thoro.

332 751 377 817 'Pe
400 753 477 817 deus
501 757 533 818 ei
554 756 637 818 terre
659 751 734 817 feeit
757 752 892 837 ooelique
917 756 1092 837 polentem,

374 857 419 922 Et
441 858 502 922 tibi
524 862 654 944 cocytus
676 880 748 923 oum
772 857 979 944 phlegelonte
1002 859 1120 926 subest.

332 961 432 1048 Signa
454 967 543 1029 tenes
566 963 669 1050 regni,
695 963 820 1029 fulvum
843 969 939 1050 eaput
963 963 1069 1030 induit
1091 989 1213 1048 aurum,

375 1070 562 1158 Virgineam
584 1070 712 1136 decorat
733 1070 823 1156 regia
844 1069 937 1156 virga
959 1093 1099 1150 manum,

329 1175 460 1242 albicat
482 1177 639 1242 inlaobum
661 1177 754 1242 niveo
777 1177 934 1242 velamine
957 1199 1080 1262 eorpus,

372 1281 416 1348 Et
439 1286 566 1348 tenuem
589 1281 729 1368 pingunt
752 1304 848 1347 aurea
871 1281 956 1348 mala
978 1285 1098 1368 togam.

327 1386 435 1453 Aurea
457 1409 522 1453 non
544 1389 685 1453 sterilem
708 1387 928 1454 demonstrant
951 1389 1037 1454 mala
1058 1389 1209 1474 puellam,

373 1491 530 1558 Indicium
553 1493 671 1559 candor
693 1493 890 1579 virginitatis
912 1493 1025 1572 habet3

332 1598 409 1664 Haeo
432 1599 495 1664 duo
517 1599 718 1685 significant:
743 1599 888 1685 quamvis
911 1603 1027 1665 natura
1049 1606 1215 1688 repugnet,

374 1703 464 1781 Quod
488 1705 573 1790 paris
596 1705 688 1770 illesa
710 1705 898 1791 virginitate
920 1706 1022 1770 deum.

332 1809 382 1875 Ad
406 1809 562 1899 super0[s]
587 1811 689 1877 clamo
711 1812 844 1896 supplex
868 1817 900 1877 el
923 1811 1054 1875 numina
1076 1811 1213 1896 planetis

377 1913 531 1997 Sollicito,
555 1917 643 1982 divos
667 1917 699 1981 in
723 1938 794 1982 mea
815 1919 891 1982 vota
913 1937 1000 1993 voco,

332 2019 392 2086 Sed
415 2026 447 2088 te
470 2023 627 2107 praecipue
650 2022 795 2087 divorum
817 2022 956 2086 maxima
979 2021 1081 2106 virgo,

374 2125 464 2192 Mitis
486 2126 520 2190 in
544 2126 720 2192 humanum
742 2149 803 2212 que
826 2141 927 2213 genus
950 2149 1017 2192 esse
1040 2127 1132 2192 soles.

476 2350 478 2354 ·
554 2319 622 2386 Fol.
649 2322 712 2386 255
736 2319 828 2386 fehlt.

290 2495 364 2562 Von
387 2495 550 2561 derselben
573 2495 658 2560 hand
682 2494 737 2562 fol.
762 2447 844 2562 256..
857 2520 932 2562 -zum
956 2495 1095 2562 aohluss:

209 2653 299 2718 obiit
326 2654 411 2718 idem
433 2653 508 2720 Pius
532 2653 628 2720 Pater
650 2654 754 2722 Foelix
776 2655 897 2721 ordinis
925 2656 1158 2740 predicatorum
1187 2677 1271 2720 anno

125 2758 245 2826 domini
277 2758 446 2824 millesimo
481 2759 736 2845 quingentesimo
767 2760 918 2840 secundo,
955 2765 1028 2845 post
1057 2760 1174 2826 festum
1205 2759 1270 2824 diui

121 2864 246 2932 Thoma
278 2865 316 2930 de
340 2863 468 2948 Aquino
498 2863 622 2929 ineius
654 2870 784 2944 octaua,
818 2869 960 2951 tempore
992 2865 1270 2952 quadragesimali,

122 2969 211 3034 euius
234 2971 341 3034 anima
364 2973 436 3054 poet
458 2969 562 3034 varios
585 2974 691 3035 motus
712 2972 747 3036 in
771 2975 880 3037 eterna
902 2973 1011 3057 requie
1034 2971 1185 3056 quieaoat.

207 3073 244 3140 In
268 3074 422 3161 superiori
445 3073 647 3140 Jherusalem
680 3099 765 3141 nuno
787 3077 914 3143 letetur.
960 3077 999 3142 In
1030 3077 1093 3142 line
1117 3077 1183 3142 vite
1205 3075 1270 3142 Iole

119 3177 222 3244 frater
243 3177 335 3244 Felix
357 3179 461 3245 Faber
482 3179 516 3244 in
547 3185 706 3247 conuentu
729 3179 873 3247 Vlmensi
904 3182 1033 3248 indutus
1067 3180 1208 3246 vestibus
1231 3202 1270 3246 ex

117 3305 177 3349 aua
198 3283 352 3368 petitione
383 3285 499 3370 quibus
531 3308 606 3351 usus
639 3286 702 3352 suit
729 3288 763 3352 in
796 3293 882 3353 terra
911 3291 1022 3354 saneta
1051 3309 1123 3352 oum
1153 3307 1271 3371 magna

119 3388 290 3456 deuooione
312 3390 506 3457 obdormirit
528 3393 561 3458 in
585 3393 721 3459 domino.
