2996 4924
661 326 701 394 81

267 499 414 569 Lenonis
436 525 516 568 uxor
539 502 687 569 balneum
709 526 806 589 puero
829 505 963 589 pererit,

267 606 305 672 In
327 607 387 673 hee
409 609 515 694 ipsum
537 631 595 674 sue
617 613 720 674 meter
742 609 846 674 Maris
867 609 1021 676 belnevit.

268 711 358 778 Tunc
381 714 521 779 latrones
543 714 619 779 illue
641 735 715 779 casu
739 714 868 800 quidem
891 715 1096 796 sdvenerunt,

267 818 329 895 Qui
351 840 410 905 pro
431 817 599 884 latrocinio
619 820 762 906 g'reviter
784 819 916 886 fuerunt

188 940 243 978 πω
270 920 309 988 ln
331 923 397 989 suis
419 924 605 1010 eorporibus
627 930 769 992 recenter
792 926 961 1006 vulnerati,

269 1027 300 1091 A
323 1027 389 1093 suis
412 1028 600 1094 adversariis
623 1033 656 1095 et
676 1029 803 1116 longius
826 1030 940 1118 fugati.

268 1130 360 1198 Unus
382 1155 421 1198 ex
442 1132 621 1200 latronibus
642 1135 753 1201 multis
775 1135 881 1222 plagis
902 1158 991 1202 cesus

268 1235 306 1302 In
329 1260 413 1324 eque
435 1261 532 1324 quem
554 1239 659 1310 fueret
681 1241 846 1306 belneetus
869 1241 962 1308 Jesus

268 1341 420 1410 cruorem
441 1367 460 1410 e
483 1343 667 1410 vulneribus
690 1344 825 1412 fundens
848 1369 964 1432 equam
987 1347 1075 1412 levit.

189 1467 242 1504 πω
268 1446 444 1516 Sanitatem
467 1449 634 1516 vulnerum
656 1472 730 1516 mox
753 1453 958 1536 recuperavit.

268 1553 423 1622 Similiter
444 1562 522 1623 tune
544 1557 599 1622 ulii
621 1557 761 1623 latrones
785 1558 941 1623 vulnereti

269 1660 425 1728 Leventes
448 1685 506 1728 sue
528 1663 660 1728 vulnere
682 1663 787 1728 cuncti
810 1667 885 1728 sunt
907 1663 1021 1728 senati.

270 1765 392 1852 Hospes
415 1767 476 1832 hoe
497 1771 530 1832 et
551 1766 679 1851 hospita
699 1767 809 1832 mireti
831 1773 906 1834 sunt
927 1768 1078 1847 videntes,

272 1871 400 1956 Aquam
422 1870 505 1938 bene
527 1871 662 1938 soldieite
684 1872 738 1938 diu
761 1872 942 1940 retinentes.

194 1993 245 2031 πω
272 1974 333 2040 Per
354 1975 506 2062 illamque
527 1977 654 2042 divitias
677 1977 794 2044 multes
818 1984 1011 2063 receperunt,

261 2079 354 2173 ¹Nem
376 2085 505 2148 ennetes
527 2082 721 2169 egritudines
744 2105 816 2148 cum
839 2105 877 2148 ee
902 2087 1102 2149 curaverunt.

268 2183 388 2271 Josepb
409 2191 516 2252 eutem
538 2209 672 2271 puerum
693 2209 819 2254 sumens
841 2193 873 2253 et
894 2188 1031 2254 Mer-iem

269 2291 365 2356 Suum
387 2314 484 2378 quem
505 2293 666 2377 inceperet
687 2293 847 2379 profectus
870 2299 919 2360 est
940 2316 997 2379 per
1018 2293 1112 2358 viam.

269 2393 317 2461 De
339 2417 462 2462 recessu
485 2401 551 2462 tem
573 2397 691 2462 festiue
713 2398 849 2464 multum
872 2397 1071 2477 tristabatur,

198 2517 247 2556 Μ
274 2499 420 2586 Hospite,
442 2501 496 2566 sed
519 2502 633 2586 hospes
655 2524 726 2567 eum
749 2502 858 2568 dolens
880 2503 1081 2588 sequebatur,

269 2605 313 2670 ut
336 2606 420 2672 rium
442 2628 498 2692 per
520 2629 616 2692 quam
638 2611 807 2694 pergerent
832 2607 909 2692 ipsis
932 2608 1171 2684 demonstravit,

269 2709 321 2776 Ad
343 2733 415 2776 eum
438 2713 522 2796 quod
546 2711 580 2776 iu
604 2711 707 2778 reditu
731 2711 870 2778 redirent
897 2712 1049 2780 exerevit.

256 3025 357 3112 Quod
386 3027 502 3101 nubes
529 3027 693 3122 protexit
720 3051 783 3102 eos
811 3052 835 3100 e
862 3031 986 3103 calore
1014 3030 1114 3103 solis.

270 3233 348 3300 Cum
371 3257 426 3320 per
450 3237 534 3300 viem
555 3241 725 3322 pergerent
748 3257 884 3324 mugnus
906 3237 969 3302 fuit
992 3241 1087 3316 estus,

271 3339 314 3404 Et
336 3339 422 3404 eulor
444 3341 520 3408 solis
542 3342 677 3408 nimium
698 3343 760 3408 fuit
783 3344 833 3409 bis
855 3345 999 3410 infestus.

197 3461 245 3500 sno
271 3441 331 3508 Sed
352 3441 456 3510 Maria
478 3469 612 3530 puerum
634 3446 774 3514 vestibus
796 3449 926 3536 tegebat

270 3546 319 3614 Ne
342 3570 398 3632 per
419 3549 517 3645 solem
539 3551 704 3631 lederetur,
728 3554 783 3645 sed
805 3577 842 3620 eo
864 3555 936 3640 plus
959 3556 1091 3622 eelebet.

270 3651 385 3719 Divino
407 3658 488 3720 nutu
510 3656 617 3722 subito
639 3679 673 3723 se
695 3657 794 3724 nubes
817 3665 893 3725 tune
915 3662 1058 3727 extendit

270 3756 369 3844 Super
391 3781 444 3826 eos
466 3765 499 3826 et
521 3784 541 3828 e
562 3761 628 3827 sole
650 3785 706 3847 per
729 3763 813 3830 viem
836 3764 894 3830 hos
916 3766 1066 3832 defendit

270 3860 379 3928 Nubes
401 3863 459 3930 hee
481 3866 630 3932 euntibus
652 3868 717 3933 illis
740 3871 937 3936 eommeebet

200 3981 248 4020 ²²²⁶
271 3965 465 4054 Illisqueque
487 3972 646 4037 stantibus
669 3995 764 4058 super
786 3997 838 4040 eos
861 3975 976 4040 stabat.

272 4069 411 4138 Horrens
434 4075 636 4162 intemperies
658 4077 762 4163 sepius
784 4081 922 4145 surrexit

272 4173 440 4244 Grnndinis
463 4183 495 4244 et
516 4179 632 4265 pluvie,
656 4181 708 4248 sed
732 4206 784 4249 eos
806 4186 946 4269 protexit

273 4277 365 4360 Deus,
388 4304 441 4348 ees
463 4283 626 4352 molestari
649 4309 814 4372 nunquam
837 4290 891 4374 qui
913 4288 1042 4354 dimisit.

274 4381 370 4472 Super
392 4411 445 4455 eos
467 4389 555 4456 velut
577 4413 668 4456 arcus
690 4396 861 4478 tempestus
884 4417 918 4460 se
941 4392 1057 4460 divisit.

169 4493 224 4540 ut·
235 4498 305 4548 uni.
1034 4497 1050 4552 6
