3014 4926
681 327 741 398 151

296 506 339 572 Et
360 507 445 592 qnod
467 506 554 591 ipsos
575 507 725 584 hibnlari
746 511 876 592 propter
899 529 970 573 eum
991 509 1101 574 restat.

295 611 372 678 Cum
394 613 458 676 iam
480 634 544 677 nox
566 613 736 678 advenerat
757 612 903 678 dominus
926 613 1072 694 surrexit,

293 716 371 782 Cum
394 717 459 782 suis
482 717 645 802 discipulis
667 717 830 783 civitatem
852 718 935 796 exit;

214 839 267 879 ⁴⁸⁸⁰
292 821 335 887 Et
357 821 404 886 ait
426 822 465 886 ad
488 821 656 906 discipulos
679 843 752 887 cnm
772 823 989 909 egrederetur:

291 925 428 992 »Nullus
449 927 511 992 erit
531 927 615 992 inter
639 949 694 992 vos
716 928 772 1012 qui
794 949 858 992 non
881 928 1022 1013 patiatur

291 1031 328 1096 ln
350 1031 411 1097 hoc
432 1036 524 1098 nocte
546 1032 737 1112 scandalum,
760 1054 829 1098 cum
852 1033 1050 1118 conspicietis

291 1135 452 1202 AJudeis
474 1157 525 1200 me
547 1137 657 1216 teneri,
680 1159 755 1201 nam
778 1159 885 1203 omnes
908 1137 1056 1223 fugietis;

288 1241 477 1326 'timoreque
499 1241 660 1326 perterriti
685 1241 788 1308 annoti
812 1241 970 1322 recedetis,
1024 1249 1026 1256 ’
1083 1252 1093 1304 t

211 1363 262 1402 Μ
288 1344 326 1411 In
348 1345 519 1430 impiorum
541 1343 688 1409 manibus
710 1366 761 1409 mo
783 1344 886 1410 solnm
908 1346 1103 1432 relinquetis.

288 1448 327 1516 In
349 1449 412 1516 fido
433 1449 622 1516 dubitabitis
645 1471 700 1515 vos
722 1450 756 1514 in
777 1454 880 1518 morto
901 1473 981 1544 moa,

288 1553 349 1622 Sed
371 1576 535 1641 resurgam
557 1558 590 1620 at
610 1554 775 1638 procedam
796 1577 854 1620 vos
875 1556 909 1620 in
932 1554 1084 1622 Gnidon<

290 1657 532 1744 Responderunt
553 1659 691 1746 singuli:
717 1659 881 1739 »Domina
904 1661 1007 1744 parati

289 1764 371 1832 Mori
393 1787 452 1852 pro
474 1769 506 1831 te
527 1787 636 1832 sumus
659 1787 778 1844 omnes,
800 1765 866 1832 sivo
888 1770 920 1830 te
941 1787 1013 1830 cnm
1033 1767 1130 1850 pati«

132 2079 237 2166 Quod
251 2083 360 2156 Jesus
380 2084 542 2178 predixit
560 2085 673 2160 Petro
691 2085 790 2181 qnod
817 2087 916 2160 esset
942 2109 1027 2161 eum
1055 2089 1270 2183 negaturus.

212 2311 262 2348 aa
288 2289 400 2359 Petrus
423 2293 485 2358 ait:
510 2294 675 2376 »Domina
698 2296 726 2361 si
747 2295 950 2362 scandalizati

283 2397 321 2463 In
343 2402 376 2464 to
397 2400 503 2464 cuncti
524 2399 654 2481 inerint,
677 2423 741 2467 non
763 2423 834 2488 ego,
856 2403 932 2487 quia
953 2402 1022 2486 pati

285 2503 422 2570 Mortem
445 2527 504 2591 pro
525 2509 558 2572 te
580 2529 651 2572 snm
672 2513 813 2593 paratus,
835 2531 893 2574 neo
914 2507 1148 2600 scandalizabor

279 2607 316 2674 In
340 2613 381 2688 to,
405 2632 507 2696 nequa
529 2612 666 2678 moriens
689 2636 709 2678 a
730 2618 763 2680 te
784 2613 984 2698 separabor«

283 2711 376 2778 Jesus
398 2714 459 2779 ait:
485 2715 686 2801 »Antequam
706 2717 811 2803 gallus
833 2721 1017 2782 cantaturus

208 2835 257 2875 *Μ
282 2817 319 2884 ln
342 2819 402 2884 hoc
423 2825 523 2900 nocte,
547 2826 584 2886 tn
605 2823 810 2888 meteretis
831 2825 1035 2908 negaturus«

282 2922 395 2990 Petrus
418 2925 484 2990 ait:
509 2924 662 2994 ’Domino
683 2949 847 3013 nunquam
868 2931 901 2992 tc
923 2927 1059 3012 negabo,

286 3027 331 3094 Et
351 3028 378 3094 si
400 3031 565 3116 opportuit
585 3054 636 3098 me
656 3034 752 3098 morti
774 3055 832 3118 pro
853 3037 886 3098 te
906 3033 1019 3098 dabo«

129 3343 230 3431 Quod
255 3345 366 3421 desua
392 3347 463 3420 ivit
489 3347 537 3421 ad
563 3349 717 3422 hortum
743 3349 859 3422 situm
878 3349 947 3422 sub
971 3351 1099 3423 monto
1119 3348 1265 3424 Oliveti.

279 3553 363 3620 Hinc
385 3557 525 3621 montem
547 3555 635 3622 subit
657 3555 784 3638 Oliveti,
808 3559 868 3624 sub
891 3579 953 3642 quo
976 3557 1039 3622 fuit
1061 3557 1123 3624 sita

278 3659 401 3726 Villula
422 3661 625 3748 Gersemany,
649 3686 710 3748 que
732 3668 863 3729 vocatur
887 3663 943 3728 ita.

202 3783 254 3821 uo
279 3763 329 3830 Ibi
351 3765 415 3830 fnit
436 3767 565 3851 qnidam
587 3767 710 3850 hortus,
732 3769 764 3833 in
788 3791 852 3854 quo
873 3771 1058 3860 pernoctare

279 3867 391 3955 Sepius
413 3876 619 3938 consueverat
640 3872 733 3939 Jesus
755 3877 787 3938 et
809 3893 909 3938 orare.

277 3971 361 4040 lllnd
383 3975 462 4041 bano
485 3977 639 4061 proditori
660 3977 796 4060 pessimo
818 3977 994 4058 constabat,

277 4077 368 4156 Quod
389 4077 483 4146 desns
505 4103 576 4148 onnr
599 4083 761 4168 discipulis
782 4083 828 4148 ibi
849 4083 1069 4166 pernoctabat:

278 4183 460 4270 congregat
481 4188 645 4272 pontifices
670 4192 702 4254 et
723 4189 877 4273 plurimos
898 4186 1026 4268 Judeos,

205 4305 255 4344 *ιω
283 4285 485 4356 Sacerdotem
506 4293 674 4378 principes,
697 4315 768 4358 cnm
789 4291 901 4358 scribis
924 4292 1096 4378 phariseos,

279 4392 340 4475 Qui
361 4393 474 4482 gladiis
497 4399 529 4462 et
548 4394 699 4475 testibus,
723 4397 821 4463 veluti
844 4397 1009 4478 latronem,
