2996 4924
782 351 823 426 20

385 527 435 598 Ac
456 529 634 600 seculorum
658 535 802 600 omnium
825 535 969 620 reginam
992 537 1147 620 paritura,

385 638 452 716 Que
475 640 543 706 filia
564 641 720 724 concipiet
742 641 907 726 pariatque
930 663 1047 728 regern,
1087 693 1102 722 ,

385 743 488 810 Deum
512 747 561 810 dei
584 745 704 823 iilinm;
728 746 798 830 ipsa
820 768 945 831 quoque
968 747 1072 834 legem

236 900 238 906 ,
320 868 359 906 ³⁶⁶
386 849 495 936 Atque
517 851 703 916 cerimonias
726 855 855 937 patrum
877 853 1054 933 renovabit,

385 954 509 1020 Novam
533 956 634 1020 vitam
655 955 813 1020 castitatis
836 978 890 1020 scu
913 957 1035 1022 cultum
1058 957 1231 1040 inchoabit,

387 1063 493 1148 Atque
515 1062 616 1148 patris
638 1063 740 1126 nostri
763 1061 867 1126 David
889 1084 1022 1148 regnum
1046 1063 1213 1128 suscitabit

385 1168 430 1232 Et
451 1166 583 1232 humani
605 1166 732 1251 generis
753 1165 879 1250 lapsum
901 1165 1072 1250 reparabit.

386 1271 459 1357 Ipsa
481 1272 573 1358 virgo
595 1271 793 1356 permanebit
815 1292 938 1355 semper
960 1271 1086 1336 illibata
1120 1311 1122 1316 ·

322 1398 359 1434 ³⁶⁰
387 1377 431 1442 Et
452 1400 508 1462 per
531 1376 632 1442 sancti
651 1359 783 1461 spiritus
805 1377 955 1441 virtutem
980 1376 1199 1442 obumbrata<

386 1483 446 1548 His
469 1482 585 1548 auditis
608 1482 701 1548 deum
723 1482 781 1547 celi
804 1483 898 1547 simul
921 1481 1153 1562 collaudabant,

388 1588 467 1653 Cum
490 1589 612 1654 cantico
636 1588 738 1653 letitie
757 1589 931 1674 gaudentes
953 1587 1150 1666 exulmbant,

390 1692 469 1758 (lum
492 1693 564 1759 fidei
587 1695 767 1760 constantia
789 1695 979 1778 promissum
1001 1697 1212 1778 expectantes,

386 1795 424 1862 ln
447 1819 503 1882 spe
524 1797 617 1864 firma
639 1799 847 1884 perstiterunt
870 1798 951 1863 nihil
973 1798 1165 1864 dubitantes.

232 2114 285 2186 De
308 2115 549 2210 conceptione
571 2115 724 2209 virginis
738 2114 856 2188 Maria
874 2116 914 2186 ct
927 2113 1113 2185 infusione
1134 2111 1259 2184 anime
1283 2113 1376 2186 eius.

323 2342 360 2379 ³⁰⁶
388 2321 465 2388 Post
487 2328 612 2407 tempus
634 2346 711 2410 ergo
733 2324 889 2388 modicum
913 2321 1009 2388 Anna
1030 2321 1219 2388 fecundatur

387 2429 431 2494 Et
453 2453 509 2514 per
530 2429 651 2514 prolem
675 2435 784 2496 venter
806 2429 873 2494 eius
895 2433 1020 2494 tumens
1043 2428 1273 2512 impregnatur.

386 2534 553 2600 Ambobus
575 2540 651 2600 tunc
674 2535 778 2600 letitia
799 2535 938 2600 maxima
959 2534 1106 2612 surrexit,

386 2641 508 2704 Eorum
531 2641 615 2724 quod
638 2640 804 2704 tristitiam
827 2639 973 2704 dominus
996 2638 1152 2723 respexit;

387 2745 447 2810 Sed
470 2764 541 2810 cum
564 2744 684 2808 iamin
708 2748 798 2808 utero
820 2747 965 2809 materno
987 2742 1072 2808 fetus
1095 2746 1186 2820 esset,

321 2871 360 2908 ³⁷0
388 2852 635 2936 Humanumque
657 2851 879 2935 corpusculum
902 2855 1018 2915 natura
1039 2851 1103 2914 iam
1126 2845 1323 2930 complesset,

387 2957 524 3022 Etcum
547 2957 580 3020 in
604 2955 744 3041 effigiem
767 2956 904 3021 hominis
927 2956 1084 3021 formatus

387 3061 484 3127 Forat
506 3062 565 3126 ille
583 3061 706 3127 fructus
729 3063 848 3128 ventris
871 3067 903 3128 et
925 3067 1007 3127 essct
1029 3059 1193 3126 ordinatus

387 3165 465 3231 (lum
488 3167 702 3231 membrorum
725 3167 868 3231 omnium
890 3165 1095 3250 dispositione

388 3271 433 3334 Et
455 3271 621 3354 qualitatis
643 3271 762 3356 optime
783 3293 853 3336 cunr
876 3271 1095 3355 completione,

323 3393 361 3431 ara
388 3375 474 3440 Deus
497 3381 574 3440 tunc
596 3377 827 3442 sanctissimam
850 3376 989 3441 animam
1011 3375 1130 3440 infudit

387 3481 531 3565 Eamque
555 3480 744 3546 multimoda
766 3482 872 3567 gratia
894 3480 1044 3565 perfudit,

388 3585 432 3650 Et
454 3587 578 3670 corpori
602 3587 808 3652 mundissimo
831 3586 981 3651 mundam
1003 3585 1135 3650 sociavit

389 3691 540 3757 Animam
562 3695 594 3756 et
616 3691 762 3776 plurimis
787 3692 878 3757 donis
900 3691 983 3757 hanc
1005 3691 1145 3768 dotavit;

388 3795 494 3882 Ipsam
517 3798 605 3862 omni
626 3799 787 3863 decoravit
809 3799 928 3862 virtute
949 3796 1098 3876 naturali,

323 3923 361 3959 ³⁸⁰
389 3901 521 3968 Necnon
544 3927 612 3968 earn
636 3902 803 3968 adornavit
825 3903 935 3968 decore
957 3901 1123 3986 corporali.

388 4007 479 4072 Hanc
502 4010 640 4073 animam
665 4010 863 4092 omnipotens
886 4008 990 4093 primo
1012 4013 1088 4072 tunc
1110 4006 1261 4072 formavit

388 4114 431 4178 Et
453 4113 572 4180 infudit
593 4115 676 4179 hanc
698 4114 833 4179 creando
855 4114 1086 4199 infundensque
1108 4113 1236 4178 crearit.

793 4245 810 4282 *

302 4357 354 4412 352
375 4355 446 4411 fehlt
464 4355 495 4410 in
513 4355 540 4410 Z.
621 4357 672 4413 369
691 4355 715 4410 G
733 4356 791 4411 und
809 4357 828 4411 Ζ
847 4360 1000 4412 maternus.
1088 4355 1140 4411 372
1159 4355 1178 4408 Z
1197 4355 1313 4410 ornatus
1331 4354 1377 4408 fur

230 4443 385 4500 ordinatus.
456 4443 508 4498 380
527 4441 546 4495 Z
565 4443 704 4500 adoravit.
775 4443 824 4500 381
843 4443 873 4498 M
892 4443 1006 4501 foravit.
