3034 4922
399 494 520 562 Deinde
541 513 655 577 corpus
678 491 774 578 recipi
797 490 948 558 detractis
970 491 1073 576 primo
1094 489 1209 570 clavis3

403 600 470 666 Hae
491 597 593 664 Marie
615 619 741 663 cernere
762 597 853 662 dolor
875 601 944 662 erat
965 597 1082 682 gravis.

401 704 502 789 Super
523 725 636 788 corpus
658 702 716 766 filii
739 703 805 767 ruit
827 723 934 768 amens
955 702 1050 783 faeta,

399 808 502 876 Iacuit
524 806 678 872 exanimis
701 811 802 872 mater
824 806 1013 873 incontacta.

328 933 378 972 aare
404 913 469 978 Vix
491 918 652 996 resumpto
675 909 788 996 spiritu
811 911 895 996 capit
917 911 1093 992 lamentari,
1173 903 1177 910 ⁴

412 1020 488 1085 Plus
512 1039 607 1104 quam
628 1017 716 1084 mille
737 1016 858 1082 vicibus
881 1040 916 1083 os
939 1018 1007 1084 eius
1028 1018 1173 1084 osculari.

404 1124 573 1190 Osculatur
595 1127 690 1208 caput
712 1123 778 1188 eius
801 1123 901 1208 spinis
923 1128 1118 1203 coronatum,

404 1228 522 1294 Totum
544 1251 582 1294 cx
606 1228 721 1292 aculeis
743 1229 906 1312 spinarum
929 1229 1146 1306 vulneratum

405 1334 575 1401 Osculatur
596 1334 712 1413 oculos,
736 1357 837 1414 auras,
862 1357 984 1414 nasum,
1007 1355 1105 1420 genas

327 1458 377 1496 ⁶⁰⁶⁶
404 1438 513 1524 Sputis
536 1444 632 1525 atque
653 1440 792 1504 lacrimis
815 1444 847 1506 et
868 1461 978 1506 cruore
1001 1440 1128 1525 plenas3

407 1543 576 1610 Osculatur
598 1545 736 1610 frontem
759 1545 835 1625 eius,
859 1545 1014 1622 maxillas,
1037 1545 1163 1624 collum,
1185 1547 1339 1622 mentum,

409 1650 562 1716 Amarum
583 1673 677 1734 super
700 1651 827 1736 singula
848 1651 965 1717 faciens
988 1651 1180 1727 lamentum

409 1755 579 1822 Osculatur
602 1778 713 1822 manus
736 1778 809 1822 suas
831 1756 928 1822 clavis
950 1755 1147 1841 perforatas,-

408 1860 596 1946 Lividasque
617 1861 761 1946 scapulas
783 1860 918 1947 flagellis
941 1861 1112 1939 laceratas3

331 1985 382 2023 ⁶⁹⁰⁰
410 1965 579 2032 Oseulatur
601 1966 740 2044 brachia,
764 1966 953 2032 mammillas
976 1971 1072 2052 atquc
1093 1971 1211 2051 pectus,

410 2072 494 2138 Nam
516 2073 577 2136 sibi
600 2071 663 2136 fuit
684 2073 795 2138 unicus
818 2079 850 2138 et
871 2073 957 2138 filius
979 2073 1130 2150 dilectue3

409 2176 577 2243 Osculatus
599 2178 709 2244 lancea
730 2179 814 2244 lacus
836 2178 1043 2264 perforatum,

411 2283 516 2368 Atque
538 2285 665 2349 dorsum
687 2288 886 2350 cruentatum
908 2284 1091 2351 verberibus
1114 2284 1288 2360 sulcatum

409 2387 571 2456 Perfossos
593 2391 686 2474 pedes
707 2391 819 2456 ferreis
843 2391 939 2456 clauis
962 2391 1131 2470 oseulatur,

331 2513 383 2550 aces
410 2492 519 2560 Tibiae
542 2499 575 2560 et
596 2517 701 2580 genua
722 2497 931 2580 complectens
953 2495 1156 2573 lacrimatur3

410 2599 567 2666 Universa
588 2601 719 2668 vulnera
741 2602 879 2668 lacrimis
901 2601 1040 2687 rigabat,

410 2705 454 2772 Et
477 2729 571 2790 super
592 2707 704 2792 plagas
727 2707 871 2794 singulas
894 2707 1045 2773 acerrime
1066 2706 1223 2792 plorabat.

411 2811 513 2896 Caput
535 2817 630 2897 atque
653 2813 770 2879 collum
792 2813 858 2880 cius
881 2812 966 2878 ulnis
989 2812 1197 2896 amplexatur,

409 2917 626 3002 comprimens
649 2918 688 2984 ad
710 2919 809 2984 ubera
831 2941 888 2984 rua
909 2918 1112 2984 lamentatur.

332 3041 384 3080 aare
411 3021 562 3088 Dicebat:
588 3023 665 3102 ΝΘ,
689 3045 726 3088 ve
748 3023 794 3088 fili
816 3023 871 3102 mi,
894 3045 945 3089 me
966 3022 1058 3090 unite
1079 3023 1125 3089 mi
1146 3025 1249 3099 natm.

410 3127 467 3208 Ve,
490 3151 528 3193 va
549 3129 629 3196 mihi
651 3129 747 3196 matri
768 3133 832 3210 tue,
854 3151 929 3196 uam
950 3128 1075 3196 desolor
1097 3151 1117 3196 a
1139 3131 1191 3196 ta!

411 3232 468 3314 Vc,
491 3255 529 3299 ve
551 3255 621 3300 mea
642 3235 767 3316 misera,
791 3257 846 3300 cur
869 3235 967 3301 ubera
988 3235 1112 3315 suxisti,

412 3339 484 3405 Meo
506 3363 562 3405 cm·
584 3363 623 3406 ex
644 3345 736 3406 utcro
758 3341 846 3406 nasci
868 3341 1009 3422 voluisti,

412 3444 491 3512 (lum
513 3449 671 3512 tormenta
693 3446 772 3512 talia
793 3447 913 3514 scivisti
937 3451 968 3514 te
990 3467 1159 3531 passurum

332 3571 384 3608 ⁶⁹⁷⁶
411 3552 455 3616 Et
478 3557 510 3617 te
531 3558 633 3618 morte
656 3557 723 3618 tam
746 3553 899 3638 probrosa
921 3553 1040 3618 sciebas
1063 3553 1295 3642 moriturumlr

411 3656 464 3722 Sic
485 3657 546 3723 filii
569 3659 753 3744 corpusculo
776 3663 877 3726 mater
896 3659 1102 3726 incumbebat

414 3761 616 3846 Amplectens
638 3763 729 3842 illud,
752 3768 784 3829 at
807 3764 847 3830 ab
870 3763 930 3830 hoc
953 3763 1047 3830 avelli
1069 3764 1123 3830 vix
1145 3761 1281 3841 valebat,

411 3867 575 3933 Olamans:
601 3867 648 3934 »0
670 3869 715 3934 mi
737 3869 837 3948 unice,
860 3891 879 3934 ο
902 3869 948 3934 fili
970 3891 1122 3950 amorosa,

412 3973 496 4038 Mori
519 3980 572 4040 tue
595 3975 700 4040 tribue
723 3975 819 4040 matri
842 3975 1023 4042 dolorose!‹

330 4204 434 4288 Quod
463 4226 596 4298 corpus
625 4206 727 4280 Jesu
755 4207 982 4301 portabatur
1009 4205 1058 4278 ad
1085 4205 1353 4301 sepeliendum.

334 4415 385 4454 sese
412 4394 602 4465 Nicodamus
624 4402 656 4466 et
678 4395 837 4488 Jcsephue
860 4419 972 4486 corpus
994 4397 1213 4482 involverunt,
1272 4418 1275 4427 ’
