3060 4936
255 535 346 618 parte
378 528 633 614 circumspiciens
656 527 787 596 Ulmam
823 535 856 596 et
889 537 1029 598 armatus
1062 537 1242 617 protegens.
1288 528 1350 596 Sed
1378 534 1407 596 et

255 641 383 702 sanctus
412 635 551 702 lacobus
585 634 748 720 apostolus
777 635 817 702 ab
849 637 982 723 antiquo
1012 636 1236 702 occidentalem
1269 637 1406 703 civitatis

258 741 418 808 Ulmensis
433 747 556 826 partem
574 741 675 806 tuitus
697 746 755 821 est,
781 741 920 808 residens
934 742 967 806 in
991 743 1111 828 capella
1134 741 1220 808 villas
1234 741 1404 829 Sefliugen.

255 848 316 914 Est
331 855 437 915 autem
449 847 571 934 capella
585 846 643 912 illa
655 847 881 927 vetustissima,
898 853 930 912 et
941 847 1147 914 consideratis
1160 847 1406 914 circumstantiis

256 955 348 1020 credo
370 954 473 1039 ipsam
496 975 563 1018 esse
586 978 605 1020 a
629 955 748 1020 Karolo
771 976 890 1042 magno
913 953 1119 1032 edificatam,
1152 953 1209 1040 qni
1230 955 1265 1018 in
1288 956 1407 1020 cunctis

256 1060 334 1126 locis
355 1059 418 1126 sibi
433 1059 641 1146 singulariter
657 1061 783 1146 placitis
807 1064 839 1124 et
854 1059 1090 1138 commendatis,
1114 1059 1155 1124 ob
1177 1059 1281 1125 sancti
1295 1058 1408 1126 Jacobi

255 1167 510 1246 venerationem,
542 1187 636 1250 quem
665 1165 804 1230 maximo
835 1165 1086 1250 prosequebatur
1107 1164 1242 1246 honore,
1273 1167 1407 1252 capellas

255 1276 345 1336 extra
369 1293 477 1336 muros
500 1277 610 1336 saneto
633 1270 754 1336 Jacobo
777 1276 976 1337 consecratas
998 1271 1147 1338 aedificari
1168 1273 1351 1352 constituit,
1374 1279 1410 1338 ut

255 1377 311 1462 qui
344 1377 411 1442 eius
440 1377 552 1442 limina
583 1379 616 1442 in
645 1376 860 1463 compostella
887 1399 952 1442 non
981 1381 1088 1462 posset
1117 1376 1264 1456 visitare,
1296 1377 1409 1444 saltem

255 1483 409 1567 capellum
431 1487 531 1562 extre,
554 1488 708 1569 tanquam
732 1485 771 1550 ad
795 1488 940 1550 sanctum
964 1483 1221 1568 peregrinaretur
1241 1481 1409 1560 Jacobsm,

254 1589 395 1654 haberet.
444 1587 527 1654 Nam
552 1588 619 1674 ipse
648 1589 786 1655 Karolus
817 1587 956 1654 reisam¹
986 1593 1018 1654 et
1049 1587 1338 1673 peregrinationem
1371 1589 1410 1654 ad

159 1709 244 1789 ,3⁰52
257 1699 401 1758 sanctum
429 1693 585 1759 Jacobum
616 1693 649 1758 in
681 1694 928 1778 compostellam
961 1693 1102 1760 instituit
1132 1699 1164 1760 et
1191 1693 1409 1780 indulgentias

257 1799 416 1866 contribui
440 1823 476 1865 so
498 1800 662 1866 libertates
690 1800 850 1880 obtinuit,
883 1801 959 1886 quia
991 1803 1065 1864 ente
1094 1821 1167 1864 oum
1197 1799 1411 1884 ignorabatur

256 1905 391 1990 apostoli
409 1905 597 1990 sepulcrum.
643 1903 724 1970 Cum
740 1927 816 1992 ergo
828 1905 958 1972 Ulmum
974 1905 1125 1990 oppidum
1142 1904 1242 1970 multo
1258 1904 1409 1991 diligeret

256 2011 371 2076 affectu
394 2010 449 2076 ille
471 2010 661 2096 magnificus
677 2011 829 2090 Karolus,
852 2010 902 2076 eui
925 2009 1051 2095 patroni
1075 2009 1177 2074 sancti
1199 2008 1315 2076 Jaoobi
1331 2011 1409 2077 fecit

255 2117 288 2179 in
323 2114 489 2200 Sessingen
521 2117 715 2197 oratorium,
753 2117 835 2182 siout
866 2116 955 2200 prius
987 2115 1106 2182 fecerat
1136 2119 1212 2181 ante
1244 2115 1409 2182 civitatem

255 2219 501 2296 Thuricensem,
534 2225 567 2286 et
598 2223 672 2286 ante
703 2220 815 2286 urbem
838 2219 1063 2298 Basiliensem‚
1094 2224 1132 2291 ut
1163 2242 1261 2304 supra
1291 2221 1408 2304 patuit

254 2323 456 2392 Visitabatur
488 2349 564 2410 ergo
588 2328 629 2392 ab
660 2327 800 2412 antiquis
824 2325 1030 2392 Ulmensibus
1063 2324 1130 2390 baec
1160 2324 1283 2410 capella
1305 2325 1409 2391 sancti

255 2429 388 2510 Jarohi,
412 2431 465 2496 sed
488 2437 561 2516 post
585 2432 769 2498 monasterii
792 2431 1057 2498 constructionem
1082 2435 1114 2496 et
1135 2429 1222 2496 horti
1246 2430 1409 2515 virginum

254 2537 459 2602 insertionem
477 2541 509 2601 et
521 2538 751 2621 plantationem
765 2537 868 2602 omnis
880 2537 1059 2622 frequentia
1071 2535 1180 2622 populi
1192 2536 1231 2600 ed
1245 2535 1408 2620 virginum

254 2639 394 2718 hortum,
408 2642 472 2720 ubi,
490 2646 526 2706 ut
537 2642 657 2706 dictum
673 2641 834 2720 est‚beata
846 2641 950 2706 Maria
961 2642 1045 2706 iuter
1061 2640 1200 2727 virgines
1212 2639 1409 2726 splendidior

255 2745 403 2831 refulget,
427 2747 590 2811 confluxit.
635 2745 685 2812 Ex
708 2746 758 2812 his
791 2746 959 2812 manifeste
981 2746 1103 2832 liquet,
1136 2747 1220 2832 quod
1253 2746 1295 2812 ab
1318 2750 1409 2812 extra

255 2856 288 2918 et
311 2852 351 2916 ab
375 2851 461 2918 intra
484 2853 667 2918 beatissima
689 2852 781 2938 virgo
805 2851 909 2918 Maria
940 2839 981 2918 ab
1004 2852 1090 2916 omui
1112 2855 1204 2936 parte
1231 2851 1409 2936 protectrix

255 2963 288 3022 et
311 2961 446 3042 patrona
468 2962 517 3022 est
537 2956 748 3023 Ulmensium.
795 2956 846 3022 Ab
870 2958 1029 3024 occidente
1052 2959 1145 3050 enim!
1158 2957 1268 3036 babet,
1292 2956 1408 3022 utiam

258 3063 378 3128 dictum
401 3069 458 3144 est,
483 3086 552 3128 eam
573 3064 606 3128 in
623 3063 717 3128 borto
740 3085 813 3128 cnm
835 3067 946 3130 sancta
961 3061 1055 3128 Clare
1078 3066 1111 3127 et
1132 3063 1203 3128 aliis
1227 3061 1410 3148 virginibus

255 3169 288 3232 in
311 3167 487 3253 Seflingen.
532 3167 715 3236 Ameridie
750 3169 848 3235 babet
872 3192 943 3236 eam
973 3171 1007 3234 in
1029 3167 1152 3254 capella
1174 3169 1208 3233 iu
1230 3170 1409 3236 coemiterio

254 3274 439 3340 monasterii
462 3272 650 3361 Wiblingen
674 3298 745 3342 cum
768 3279 878 3342 sancto
902 3273 1043 3342 Martino
1065 3279 1097 3340 et
1114 3274 1295 3354 Benedicto‚
1319 3276 1406 3340 etin

256 3379 307 3444 via
329 3381 488 3445 communi
519 3402 582 3465 qua
603 3381 670 3446 itur
692 3382 726 3446 in
749 3381 976 3468 Memmingen,
1000 3382 1033 3446 iu
1057 3381 1165 3446 eadem
1190 3380 1288 3466 plaga
1307 3403 1407 3466 prope

256 3484 365 3550 villam
380 3483 446 3550 Zell
470 3486 596 3566 dictam,
620 3485 675 3552 ubi
690 3509 746 3572 per
768 3487 984 3552 inventionem
1004 3485 1147 3552 thesauri
1170 3486 1205 3550 in
1221 3489 1329 3570 puteo,
1352 3487 1407 3572 qui

186 3618 196 3643 ν
255 3597 303 3656 est
325 3592 415 3656 iuxta
431 3592 525 3672 viam,
549 3597 731 3658 constructa
754 3597 802 3658 cst
824 3593 955 3677 capella.
1000 3591 1053 3656 Ab
1069 3592 1191 3656 oriente
1214 3613 1285 3656 eam
1308 3591 1407 3658 habet

255 3697 345 3761 iuxta
368 3695 462 3762 Pfuol
485 3699 655 3766 custodem.
691 3703 724 3764 et
756 3699 795 3764 ab
826 3699 975 3784 aquilone
1002 3698 1035 3762 in
1059 3696 1238 3784 Elchingen
1261 3701 1295 3764 et
1317 3699 1407 3763 iuxta

255 3807 400 3867 sanctum
423 3801 645 3869 leonhardum
669 3804 708 3868 ad
732 3826 840 3870 muros
864 3803 1002 3869 civitatis
1028 3801 1197 3869 Ulmensis.
1243 3801 1297 3868 Ab
1320 3803 1406 3870 intra

255 3929 329 3973 vero
345 3914 542 3975 monstratur
558 3909 740 3975 beatissima
762 3909 855 3994 virgo
870 3908 974 3974 Maria
989 3914 1125 3994 patrona
1140 3909 1405 3995 singularissimas,

255 4035 326 4078 cum
356 4015 399 4078 sit
429 4015 558 4079 domina
588 4015 675 4079 illius
698 4015 820 4099 egregii
843 4014 954 4099 templi
978 4015 1115 4079 eoclesiae
1147 4015 1342 4099 parochialis
1373 4015 1406 4078 in

255 4117 353 4184 Ulma
368 4124 400 4184 et
422 4119 560 4185 ecclesiae
576 4121 830 4205 praedicatorum,
854 4124 886 4185 et
899 4121 933 4184 in
957 4121 1104 4186 omnibns
1120 4121 1197 4186 locis
1221 4125 1253 4186 et
1267 4121 1406 4186 ecclesiis

255 4226 283 4290 ei
307 4223 466 4290 habentur
497 4230 622 4290 sacrata
653 4225 777 4291 altaria.
813 4225 853 4291 ad
876 4225 1002 4292 laudem
1030 4225 1151 4292 domini
1173 4225 1251 4293 Jesu
1273 4225 1404 4303 Christi,

821 4351 837 4388 ss

328 4457 339 4509 l
360 4469 470 4525 repsam
490 4453 570 4511 colu.
590 4455 630 4508 ut.
666 4453 788 4523 Reysam
807 4453 880 4512 lion.
902 4457 924 4510 l.
960 4453 1075 4510 Ruinam
1095 4452 1180 4508 Wibl.
1200 4453 1290 4508 Scbm.
1310 4451 1359 4507 [th.
