3014 4926
655 364 717 430 161

283 533 326 598 Ac
349 533 511 602 flectentes
534 557 640 602 coram
662 559 699 604 eo
721 560 827 626 genus
850 540 1016 610 dixerunt:

282 637 378 720 edre,
400 638 578 708 Judeornm
600 645 693 708 reric
717 666 791 712 eum
813 645 991 729 illudentes,

278 742 316 809 In
338 767 429 812 suam
452 746 714 834 benignissimam
736 750 849 818 faciem
872 759 1029 838 spuentes.

278 848 355 916 Post
376 850 437 916 hoc
458 851 541 918 hanc
563 853 749 922 arundinem
771 857 810 922 de
832 879 929 925 manu
951 860 1149 928 retrahentes

203 971 252 1010 rra
277 953 328 1022 Ad
350 960 447 1042 eaput
469 955 597 1024 Christo
619 958 740 1026 famant
762 983 834 1028 cum
856 963 957 1050 alapis
981 966 1134 1032 cedentes

122 1253 227 1339 Quod
258 1254 369 1332 Jesus
403 1258 535 1334 illusus
572 1255 613 1335 ¹et
651 1261 867 1358 flagellatus
902 1266 1080 1341 reductus
1121 1269 1180 1341 est
1219 1268 1267 1341 ed

603 1384 783 1460 Pilatum.

275 1587 327 1654 Ad
349 1587 490 1656 Pilatum
512 1595 622 1676 postea
644 1592 837 1659 reduxerunt
858 1594 978 1676 desum,

277 1695 436 1762 Affectum
459 1696 659 1764 conurmetiis
680 1701 713 1764 et
735 1697 871 1785 flagellis
893 1723 1008 1783 cesum,
1127 1767 1130 1777 ,

278 1799 465 1868 Portantem
477 1803 677 1887 'purpuream
700 1807 819 1870 vestem
840 1809 873 1870 et
894 1805 1034 1887 illusum,

163 1991 168 2000 ι
278 1905 356 1972 Cam
378 1927 496 1972 corona
517 1907 628 1994 spinea
648 1911 805 1994 sputoque
827 1909 1000 1994 perfusum.

199 2030 251 2068 mo
278 2009 400 2078 Pilatus
423 2033 528 2097 preses
551 2012 591 2078 ad
613 2034 647 2078 se
668 2011 779 2080 Jesum
801 2015 910 2080 ridens
932 2018 1109 2084 venientem

275 2119 366 2184 Dixit
387 2117 428 2184 od
445 2115 611 2184 «Iudaicam
634 2119 889 2186 circumstantem
911 2126 1056 2208 gentem:

277 2223 377 2292 »Ecce
397 2223 504 2304 homo,
527 2227 629 2290 vester
651 2245 717 2304 rex,
740 2223 795 2310 qui
818 2231 948 2292 vocatur
970 2225 1073 2309 Jeme,

275 2329 376 2397 Vobis
397 2328 450 2394 hic
472 2328 638 2394 adducitm
660 2349 732 2394 cum
755 2328 891 2416 flagellis
913 2353 1011 2413 cesus,

274 2435 322 2504 Ut
342 2435 459 2514 sciatis,
483 2434 567 2520 quod
588 2434 622 2500 in
645 2455 682 2500 eo
704 2435 793 2501 nulla
815 2437 967 2523 repperiri

199 2533 250 2600 aiu
275 2541 378 2609 densa
399 2545 505 2627 potest
527 2563 625 2626 quare
646 2545 749 2608 morte
770 2543 882 2610 debeat
904 2545 1032 2630 puniri:
1083 2599 1089 2612 .

275 2647 309 2714 Si
331 2653 438 2715 tamen
455 2647 553 2714 habet
574 2651 686 2712 contra
710 2669 764 2713 vos
785 2648 906 2734 aliquid
927 2649 1087 2729 delictum,

275 2751 396 2820 Idcirco
417 2752 507 2818 vobis
529 2751 648 2818 :radidi
670 2751 807 2838 flagellis
829 2740 915 2819 hunc
937 2755 1102 2820 afflictum.

274 2857 335 2926 Per
357 2860 418 2925 hoe
439 2858 483 2924 sit
505 2859 594 2924 vobis
617 2857 825 2940 satisfactum,
848 2881 913 2928 non
935 2860 1042 2944 ipsum
1064 2859 1213 2925 occidatis

275 2963 343 3032 Nec
363 2987 456 3031 suum
478 2965 642 3034 innoxium
664 2966 850 3052 sanguinem
873 2966 1044 3032 fundatis«

200 3089 250 3128 ⁴²¹⁰
276 3069 365 3136 Tunc
387 3070 436 3136 illi
458 3070 675 3138 nefandissimi
698 3092 735 3136 ac
756 3065 885 3156 pessimi
907 3069 1002 3138 Judei

276 3175 396 3265 Magna
417 3197 492 3243 voce
513 3176 754 3242 conclamabant
776 3181 809 3242 et
830 3176 978 3242 dixerunt
999 3175 1046 3242 ei:

278 3281 395 3363 »Tolle
417 3281 505 3362 tolle,
528 3281 622 3348 tollae
646 3282 731 3346 hunc
752 3285 784 3347 et
805 3282 910 3367 ipsum
932 3280 1118 3365 crucifiget«

278 3384 395 3466 »Tolle
418 3386 505 3468 tolle,
527 3387 622 3453 tollas
644 3387 729 3452 huuc
751 3391 784 3453 et
805 3387 909 3472 ipsum
931 3385 1115 3471 crucifiget«

273 3491 383 3560 Preces
405 3491 467 3558 ait:
495 3489 564 3558 »ob
587 3513 683 3577 quam
705 3513 832 3558 causam
855 3496 903 3558 est
924 3491 977 3556 hic
998 3488 1192 3576 defigendae,

199 3617 249 3656 «τω
275 3596 358 3676 Quid
380 3598 464 3664 enim
486 3597 564 3664 mali
586 3597 662 3664 fecit
683 3596 736 3662 hic
757 3601 794 3662 ut
815 3595 858 3662 sit
880 3595 1111 3662 occidentur«
1196 3623 1201 3632 ·

275 3701 532 3790 Responderunt:
558 3699 678 3767 »Deum
700 3723 733 3766 sc
755 3699 832 3767 iecit
853 3703 949 3786 atque
971 3719 1089 3784 regem,

274 3807 380 3894 Atque
402 3827 458 3892 per
479 3805 656 3872 doctrinam
679 3827 770 3870 suam
792 3808 934 3870 nostram
956 3806 1059 3870 cassat
1080 3801 1202 3887 legem:

274 3913 358 3980 Nam
380 3935 415 3980 se
436 3912 515 3978 facit
536 3933 603 3978 esse
624 3911 717 3976 deum
738 3911 878 3996 dicitque
899 3909 983 3996 quod
1005 3907 1034 3974 ei

274 4017 324 4085 Sit
345 4023 436 4104 pater
458 4018 534 4084 deus
556 4021 589 4083 et
611 4017 694 4102 quod
716 4017 785 4102 ipse
807 4015 892 4081 tilius
914 4015 957 4080 sit
979 4013 1057 4080 dei«

198 4141 249 4180 ⁴⁷⁸⁰
274 4123 357 4191 Hinc
378 4145 546 4191 conversus
568 4121 607 4188 ad
630 4120 741 4188 Jesum
763 4120 845 4186 dixit
866 4125 942 4186 tunc
965 4118 1108 4183 Pilatus:

277 4228 361 4295 »Dio
376 4229 471 4296 homo
493 4228 583 4308 mihi,
606 4229 676 4314 quis
699 4231 734 4292 tu
757 4227 800 4292 sis
824 4230 856 4291 et
878 4225 960 4290 unde
982 4229 1019 4289 tu
1041 4223 1084 4288 sis
1107 4222 1225 4284 uatus?

275 4333 356 4411 Quid
377 4334 492 4414 fecisti,
514 4333 598 4420 quod
620 4337 653 4399 te
674 4353 753 4417 gens
775 4331 820 4397 sic
842 4331 910 4396 odit
928 4335 988 4394 tua
1011 4332 1090 4408 tota,

277 4439 320 4506 ut
340 4441 379 4506 ad
401 4439 603 4506 occidendum
627 4441 659 4503 te
682 4441 731 4504 est
752 4437 899 4502 universa
922 4437 1051 4500 motat«

169 4554 308 4602 runaut·
1022 4537 1052 4596 11
