3014 4926
194 539 246 576 ua
272 518 331 596 Qui
354 519 502 586 dicebant
523 519 563 584 ad
586 541 672 585 enm:
695 519 745 585 dic
767 519 859 585 nobis
882 519 958 605 quid
981 519 1112 586 fecisti?

270 623 352 702 Quid
373 647 443 690 cum
467 623 518 690 his
539 624 685 692 leonibus
707 647 744 690 ac
765 624 876 690 bestiis
898 625 1002 711 egisti,

271 729 374 808 Quare
398 733 430 796 te
452 729 599 815 periculis
622 731 740 796 talibus
763 731 946 811 committis,

271 835 314 902 Et
336 839 369 902 te
391 836 586 902 vanitatibus
608 836 707 902 tantis
729 837 943 903 intromittis?

271 941 384 1008 Artem
405 941 500 1008 istam
521 941 680 1028 magicam
702 941 757 1008 ubi
777 941 926 1022 didicisti,

193 1066 245 1104 aa
271 1033 485 1126 Quod'brutis
508 1052 540 1114 ct
562 1047 719 1113 ferocibus
741 1051 774 1114 te
795 1047 870 1113 ieris
892 1047 1057 1126 miscuisti,

271 1152 334 1218 Ars
356 1151 414 1218 illa
436 1150 633 1218 detestabilis
655 1173 764 1218 revera
787 1155 819 1218 te
841 1151 977 1231 seducet,

271 1259 408 1344 Tibiquc
429 1257 605 1342 periculum
627 1256 801 1324 maximum
823 1257 970 1330 inducet:
1107 1281 1110 1288 ⁴

270 1362 355 1430 Nam
375 1363 434 1428 tali
459 1362 525 1427 vita
546 1383 710 1448 nunquam
732 1363 852 1428 bonum
874 1361 971 1428 linem
992 1361 1145 1440 sortieris,

269 1469 377 1555 Atque
399 1466 573 1534 miserabili
596 1471 698 1532 morte
720 1467 874 1532 morieris.

196 1595 246 1632 ³⁰⁸⁰
271 1575 364 1641 Jesns
387 1574 449 1639 eit:
475 1571 575 1638 bestie
595 1571 746 1638 maiorem
770 1571 986 1640 intellectum.

270 1679 399 1745 Habent
410 1679 471 1743 iste
482 1700 578 1764 quam
592 1699 648 1744 vos
661 1699 768 1744 omnes
780 1682 813 1743 et
827 1701 952 1744 sensnm
964 1701 1116 1765 magnum
1130 1683 1261 1758 rectum,

268 1785 349 1862 Quia
363 1785 480 1860 ¹statim
503 1807 573 1849 cnm
597 1785 752 1848 venissem
774 1783 814 1849 ad
836 1783 894 1848 has
917 1788 1178 1870 recognoverunt,
1203 1823 1212 1841 ·

269 1889 322 1956 Me
344 1891 415 1976 quis
437 1913 535 1962 essem
558 1890 727 1956 adorantes
748 1893 782 1956 et
802 1889 1015 1956 exhibuerunt

272 1995 351 2060 Mihi
374 1997 583 2062 reverentiam
605 1999 638 2062 st
660 1996 802 2062 debitum
824 1995 978 2062 honorem

196 2119 246 2156 ⁸⁰³⁵
272 2100 472 2185 Deponentes
494 2100 673 2166 naturalem
695 2121 801 2165 coram
825 2123 875 2165 me
896 2101 1045 2166 furorem.

270 2203 359 2270 Tunc
382 2203 477 2270 Jndei
499 2209 734 2290 responsernnt,
756 2205 910 2290 numquid
935 2210 966 2272 te
988 2203 1155 2282 nescimus,

270 2309 348 2387 Quis
370 2310 471 2374 tusis
494 2312 526 2376 ct
547 2309 630 2375 unde
652 2309 705 2388 sis,
729 2309 786 2374 bec
808 2310 919 2395 utique
942 2331 999 2374 nos
1021 2307 1153 2382 scimus3

268 2413 434 2500 Numquid
456 2417 547 2498 pater
568 2416 643 2478 tuus
665 2415 714 2478 est
735 2411 855 2498 Joseph
879 2413 1074 2492 bethlemita‚

270 2519 332 2596 Qui
355 2519 444 2586 faber
464 2521 514 2584 est
534 2517 714 2612 lignarius?
738 2522 770 2582 et
791 2519 819 2584 si
841 2523 898 2584 tua
919 2519 987 2584 vita

193 2644 246 2682 ³⁰⁴⁰
271 2623 359 2690 Talis
381 2627 473 2703 osset,
496 2623 600 2708 qualis
623 2625 700 2702 cius,
723 2607 893 2709 cumpace
914 2623 1122 2710 pertransires

270 2729 346 2795 Dies
368 2733 449 2808 tuos,
473 2729 556 2815 quod
579 2751 643 2794 non
666 2730 711 2796 sic
733 2731 901 2796 cmdeliter
923 2730 1050 2816 perires.

270 2833 363 2900 Juus
385 2834 432 2899 ait
452 2856 516 2900 non
540 2855 598 2918 pro
620 2857 671 2900 me
693 2834 821 2900 solliciti
844 2857 899 2902 vos
920 2835 1000 2914 sitis,

271 2939 352 3017 Quia
374 2940 451 3025 quid
472 2939 616 3005 loturum
639 2940 682 3005 sit
704 2940 793 3006 vobis
817 2963 871 3006 vos
894 2941 1031 3006 noscitis.

270 3043 427 3111 Posthac
449 3045 546 3110 verba
567 3043 660 3112 Jssna
683 3067 761 3130 puer
783 3047 822 3111 ad
845 3047 973 3112 domum
996 3067 1051 3110 sue
1072 3043 1185 3109 matris

193 3169 247 3208 ³04⁰
273 3147 381 3217 Rediit
402 3172 439 3216 ac
462 3150 599 3235 putativi
621 3149 743 3236 Joseph
764 3151 813 3242 sui
836 3151 946 3236 patris.

518 3469 572 3544 De
597 3469 726 3542 tunice
753 3469 855 3544 Jesu.

271 3680 373 3746 Mater
395 3679 472 3746 Jesu
493 3678 613 3746 fecerat
634 3701 729 3764 opere
751 3677 855 3744 textili

271 3784 433 3862 Tunicam,
457 3807 554 3870 quam
577 3785 679 3851 texuit
701 3788 770 3849 arte
792 3787 859 3848 tam
881 3782 1003 3862 subtili,

271 3889 359 3968 Quod
381 3891 415 3954 in
438 3893 507 3955 tota
528 3889 638 3955 tunica
659 3889 749 3955 nulla
770 3893 943 3956 consutum

271 3995 356 4076 Fuit,
379 3997 432 4062 sed
454 3997 489 4062 in
511 3997 674 4064 sarciendo
697 3995 795 4062 fiebat
818 4019 875 4062 nec
897 3996 1043 4062 scissura.

198 4119 249 4157 ³⁰⁶⁰
274 4100 352 4168 Cum
375 4099 479 4168 adhuc
500 4101 678 4168 infantulus
700 4105 791 4181 esset,
814 4101 965 4186 adaptata

272 4203 360 4272 Tunc
381 4205 446 4272 fuit
466 4207 530 4272 ista
551 4207 659 4273 tunica
680 4206 822 4293 Jeanuo
844 4211 965 4292 parata.

273 4309 351 4376 (lum
371 4305 439 4396 iliae
461 4309 555 4378 Jesus
577 4318 729 4379 cresceret
750 4312 860 4378 tunica
882 4314 1051 4392 crescebat,

272 4413 447 4484 Secundum
469 4423 589 4486 statum
611 4419 751 4506 corporis
773 4441 807 4486 se
828 4441 952 4505 semper
974 4415 1172 4484 extendebat.
