3080 4938
704 347 747 412 59

151 524 185 588 in
209 523 384 608 repertorio
405 522 572 607 utriusque
594 522 672 586 iuris
695 520 861 587 clarissimi
884 523 1022 588 doctoris
1036 523 1171 589 Joannis
1186 525 1300 591 Berts·

150 628 238 693 ehini
255 627 276 706 ¹,
301 628 360 694 snb
384 627 575 693 dictionibus
599 626 724 706 doctor,
747 626 903 708 medicus,
926 628 1053 694 nobilis.
1099 627 1181 694 Sunt
1204 632 1300 696 etiam

149 733 268 800 milites
290 733 384 799 liberi
409 756 427 797 a
450 732 637 818 vulgaribus
659 731 911 818 gravaminibus,
934 733 979 798 sio
1001 739 1034 800 et
1055 733 1168 800 clerus.
1215 734 1299 800 (lon-

150 839 344 904 venientiam
367 839 463 904 etiam
485 837 606 904 babent
628 837 750 902 nobiles
773 858 844 902 cum
867 837 1033 904 civitatum
1058 841 1300 927 magistratibus

149 947 183 1010 in
204 944 374 1010 nobilitate
395 944 474 1028 ipsa,
499 942 574 1028 quia
596 945 628 1008 et
650 941 699 1006 illi
721 941 952 1026 utplurimum
976 944 1098 1010 nobiles
1121 949 1196 1010 sunt
1218 947 1301 1014 sicut

150 1051 214 1116 isti.
258 1050 334 1116 Ideo
350 1049 553 1114 matrimonia
568 1045 729 1132 copulant,
746 1051 778 1114 et
793 1047 909 1113 nobilis
925 1049 980 1114 dat
994 1049 1095 1114 filiam
1110 1051 1182 1131 ciri,
1203 1073 1299 1136 quam

149 1156 239 1220 nullo
262 1155 355 1222 modo
379 1155 468 1220 daret
490 1149 716 1232 mechanicol,
739 1155 772 1218 et
793 1175 810 1217 e
832 1153 1001 1218 contrario.
1048 1152 1180 1241 Origine
1202 1157 1298 1222 etiam

149 1260 342 1348 conveniunt
363 1259 498 1338 milites,
529 1261 690 1324 senatores
720 1261 753 1322 et
774 1257 970 1336 sacerdotes,
1002 1258 1085 1324 unde
1116 1257 1237 1346 legitur
1265 1263 1299 1327 in

149 1365 307 1430 chronicis
330 1363 549 1430 Romanorum
572 1359 745 1427 Romulum
775 1385 834 1447 pro
857 1364 1095 1430 conservatione
1117 1365 1299 1451 reipublicm

149 1472 288 1557 primum
310 1469 429 1536 milites
451 1471 485 1534 in
508 1469 639 1552 Europa
661 1466 837 1534 instituisse
866 1473 993 1534 centum
1022 1469 1136 1535 electos
1159 1471 1297 1553 iuvenes,

148 1581 181 1642 et
203 1581 331 1642 eentum
353 1577 509 1654 seniores,
532 1597 611 1660 quos
634 1578 797 1638 senatores
820 1574 1003 1659 appellavit.
1049 1575 1095 1641 Et
1116 1575 1191 1642 hino
1213 1577 1298 1642 mili·

146 1683 227 1748 taris
250 1683 327 1747 ordo
355 1681 577 1767 senatoriaque
600 1679 739 1762 dignitas
762 1679 925 1745 exordium
949 1681 1101 1766 sumpsit3
1134 1685 1166 1746 et
1194 1677 1297 1748 adeer-

146 1788 271 1854 dotium
293 1787 537 1853 ecclesiasticum
560 1785 670 1850 Romae
692 1782 900 1849 fundamenta
921 1783 1029 1867 habet,
1052 1791 1089 1852 ut
1110 1791 1208 1871 patet.

235 1893 279 1958 Et
301 1896 427 1958 tantum
450 1891 488 1956 de
510 1891 682 1959 nobilibus.

667 2101 733 2172 Gap.
753 2105 778 2158 3.

233 2226 287 2290 De
308 2225 549 2310 principali
571 2226 722 2291 ordine
745 2226 896 2291 civium
920 2225 1204 2295 ulmensium³.

236 2417 336 2483 Tertii
358 2418 393 2482 in
416 2417 526 2483 ordine
555 2418 642 2483 civili
669 2419 702 2484 in
730 2419 859 2486 civitate
879 2421 1015 2488 ulmensi
1038 2429 1114 2489 sunt
1135 2423 1295 2508 principa·

145 2527 242 2591 liores
276 2524 309 2588 in
341 2523 430 2590 urbe.
455 2524 612 2610 aquibus
645 2526 822 2611 respublica
853 2531 994 2607 tenetur,
1029 2549 1109 2613 quos
1132 2529 1295 2594 nominare
1359 2597 1367 2609 ,

147 2651 316 2716 possumus
333 2633 504 2711 senatores,
526 2630 745 2716 magistratus,
761 2632 928 2715 primatus,
952 2633 1132 2717 optimates,
1153 2638 1294 2720 potesta-

145 2741 205 2813 tes,
223 2737 357 2802 maiores
373 2739 462 2816 natu,
477 2756 658 2820 generosos,
674 2735 712 2801 de
722 2737 929 2822 genealogiis,
945 2740 977 2802 et
991 2739 1152 2804 communi
1167 2739 1296 2806 nomine
1322 2751 1336 2786 ⁹

146 2842 353 2906 nominantur
369 2841 541 2926 burgenses
557 2841 578 2905 i.
595 2863 620 2906 a.
637 2841 730 2921 cives,
754 2841 846 2927 quasi
861 2864 917 2926 per
938 2843 1157 2910 excellentiam
1177 2845 1293 2910 civium

144 2948 246 3024 cives,
279 2947 362 3012 sicut
394 2947 543 3011 dicuntur
565 2945 755 3031 quandoque
777 2947 810 3010 in
840 2947 998 3030 scriptura
1019 2953 1126 3032 patres
1148 2954 1292 3033 patrum3

147 3053 198 3118 vel
214 3052 364 3116 dicuntur
379 3051 552 3136 burgenses
575 3050 667 3135 qussi
682 3049 802 3115 domini
818 3049 912 3135 burgi
932 3050 1084 3118 ulmensis
1099 3058 1131 3119 et
1146 3058 1292 3119 rectores.

145 3158 327 3242 Eapropter
350 3155 556 3221 nominantur
576 3153 672 3220 etiam
693 3155 870 3236 clarissimi,
893 3161 930 3222 ut
945 3161 1035 3242 patet
1056 3159 1090 3222 in
1113 3159 1240 3243 speculo
1256 3159 1294 3224 de

143 3263 362 3328 iurisdictione
395 3263 537 3327 omnium
569 3262 706 3326 iudicum
739 3262 775 3326 in
804 3261 867 3327 fine
904 3285 972 3347 cap.
1005 3263 1043 3328 de
1074 3263 1292 3330 defensoribus

143 3369 311 3434 civitatum
334 3391 389 3454 per
415 3371 529 3433 totum.
575 3365 650 3432 Istis
673 3367 757 3432 enim
781 3367 924 3432 serviunt
946 3373 978 3434 et
995 3369 1217 3454 obtemperent
1239 3392 1292 3434 sa·

145 3476 286 3558 periotes
308 3479 341 3540 et
356 3473 521 3540 inferiores
537 3473 662 3538 ordines
678 3475 710 3538 et
731 3473 765 3538 in
781 3473 826 3538 eie
843 3495 935 3539 verus
951 3475 1028 3540 ordo
1043 3475 1145 3540 civilis
1169 3474 1291 3558 incipit.

142 3579 228 3646 Nam
262 3580 358 3665 primi
389 3581 451 3646 duo
483 3579 608 3646 ordines
632 3584 664 3646 et
694 3579 827 3645 ultimus
856 3601 921 3645 non
952 3585 1029 3646 sunt
1060 3581 1098 3648 de
1131 3579 1291 3646 essentiali

142 3707 275 3771 corpore
307 3685 411 3763 cirili,
440 3687 493 3751 sed
528 3687 568 3752 ed
590 3686 670 3751 bene
692 3708 759 3751 esse
782 3687 849 3751 eius
871 3687 1041 3770 pertinent.
1087 3687 1192 3770 Caput
1215 3707 1292 3770 ergo

142 3790 246 3857 civilis
269 3790 389 3856 ordinis
412 3795 488 3856 suut
510 3791 560 3856 illi
582 3791 680 3871 tertii,
704 3813 839 3876 quorum
862 3792 994 3857 consilio
1017 3793 1112 3858 ceteri
1135 3796 1292 3878 reguntur

147 3898 198 3984 (ut
214 3897 247 3962 ff.
265 3896 403 3983 [digest]
421 3895 459 3961 de
474 3896 591 3961 condit.
607 3902 639 3962 et
654 3897 837 3978 demonstr,
862 3898 883 3964 l.
903 3897 1115 3984 municipibus
1131 3895 1290 3980 habetur).

707 4057 725 4097 ss

220 4167 233 4221 1
253 4166 375 4222 Josnnee
392 4165 577 4222 Berteobinus
596 4165 631 4222 de
642 4165 736 4222 Firmo
754 4165 862 4222 schrieb
880 4167 924 4222 ein
937 4167 1044 4224 lexicon
1062 4184 1082 4221 e.
1096 4165 1291 4236 Repertorium

143 4255 291 4326 utriusque
308 4255 384 4313 iuris.
422 4256 493 4312 Ram
513 4255 588 4312 1581.
625 4255 872 4325 Nlirnber31483.
909 4253 1014 4312 Vened.
1035 4255 1102 4311 1488
1120 4255 1178 4309 und
1196 4255 1291 4323 spater

146 4343 217 4400 noch
235 4345 321 4399 bitere
339 4343 575 4414 herausgegeben.
646 4344 663 4398 2
681 4346 711 4399 et
728 4343 849 4414 egregio.
867 4343 935 4400 Gok.
954 4343 1035 4410 Base,
1055 4345 1129 4398 statt
1147 4344 1176 4398 et
1194 4359 1209 4398 e
1226 4357 1291 4398 eon·

143 4430 240 4488 trario.
312 4431 329 4487 3
348 4430 389 4486 llI
407 4430 475 4488 ordo
493 4430 589 4502 populi
610 4430 748 4486 Vlmensie
767 4430 835 4488 Golr.
855 4433 884 4486 et
903 4431 976 4487 Bess.
997 4447 1044 4486 em
1060 4429 1158 4486 rende.
