3080 4938
713 401 755 471 65

158 579 244 670 regis
267 579 344 647 Saul
373 577 472 646 filiam
498 581 514 646 1
541 579 620 666 fleg.
645 581 701 660 18,
736 579 820 645 unde
842 579 939 645 dixit:
973 577 1044 665 quis
1078 599 1138 666 ego
1161 599 1231 645 sum
1254 581 1311 646 aut

156 713 228 776 quae
251 689 318 754 rita
343 711 412 754 mea
434 691 490 752 aut
506 686 655 772 cognatio
671 685 772 771 patris
793 685 856 750 mei
877 687 912 750 in
927 684 1036 765 Israel,
1062 691 1099 751 ut
1120 685 1196 751 fiam
1211 707 1311 770 gener

157 795 243 880 regis
256 795 290 858 ¹?
336 792 452 858 Factus
475 796 524 857 est
553 813 631 877 ergo
654 791 757 856 David
790 790 908 856 nobilis
931 797 963 856 et
986 793 1131 876 princeps
1154 793 1310 857 exercitus

157 900 255 985 regis.
302 895 378 962 Ideo
394 895 519 982 antiqui
534 896 617 962 cives
634 894 800 962 Ulmenses
822 895 885 960 viri
900 896 1063 982 magnifici
1078 895 1311 961 contrahebant

157 1028 230 1070 cum
244 1002 416 1082 nobilibus,
440 1023 555 1067 uxores
571 1001 694 1067 nobiles
715 1001 914 1086 accipientes,
938 1006 970 1067 et
991 1007 1122 1087 propter
1144 995 1311 1087 dignifica-

158 1111 280 1175 tionem
313 1129 378 1174 suae
410 1107 519 1192 stirpis
552 1113 585 1173 et
616 1112 745 1192 propter
774 1106 940 1172 consilium
975 1107 1176 1186 Aristotelis,
1208 1107 1263 1192 qui
1291 1107 1310 1170 2

157 1215 335 1281 ethicorum
368 1213 480 1278 suadet
503 1213 616 1278 ducere
643 1235 772 1277 uxorem
804 1213 945 1278 nobilem
979 1212 1055 1298 quia
1077 1212 1134 1277 illo
1156 1213 1250 1277 modo
1273 1233 1312 1276 ex

157 1319 298 1406 ignobili
313 1320 441 1384 tandem
462 1319 580 1384 nobilis
595 1317 744 1384 efficitur.
790 1315 880 1382 Sicut
902 1316 986 1382 enim
1002 1318 1099 1402 stirps
1114 1341 1179 1382 non
1194 1316 1311 1382 nobilis

159 1448 198 1490 ex
221 1423 323 1489 nobili
346 1423 504 1490 connubio
528 1423 752 1510 dignificatur,
785 1423 831 1488 sic
853 1423 950 1508 stirps
973 1422 1091 1488 nobilis
1114 1445 1153 1487 ex
1175 1421 1312 1507 ignobili

158 1528 318 1595 connubio
349 1533 381 1595 et
412 1527 561 1614 coniugio
589 1527 771 1608 vilificatur,
802 1528 841 1592 ad
865 1529 949 1612 quod
972 1528 1156 1593 evitandum
1188 1526 1313 1610 antiqui

163 1633 327 1700 Ulmenses
358 1634 480 1700 nobilia
512 1633 662 1719 coniugia
692 1633 842 1698 inierunt.
890 1632 942 1699 Sic
970 1655 1047 1718 ergo
1079 1633 1201 1698 nobiles
1235 1633 1312 1697 facti

159 1745 252 1816 sunt,
285 1739 347 1804 nisi
370 1761 426 1824 per
450 1737 642 1825 ignobilium
665 1738 835 1804 mulierum
858 1736 1072 1823 [connubia]²
1091 1755 1213 1803 ‘eorum
1237 1759 1312 1802 con-

160 1845 242 1910 ditio
265 1846 307 1910 sit
330 1845 492 1910 vilificata.
538 1841 627 1908 Siout
643 1843 728 1908 enim
748 1844 883 1910 barones
906 1849 938 1910 et
953 1844 1094 1909 illustres
1118 1866 1175 1928 per
1196 1865 1311 1908 uxores
1410 1905 1415 1914 ,

160 1956 194 2015 et
218 1955 344 2030 matres,
368 1972 434 2014 non
448 1971 513 2014 snae
535 1949 693 2014 libertatis
717 1950 771 2015 sed
786 1949 920 2015 minoris
936 1948 1125 2026 nobilitatis,
1149 1972 1222 2014 suas
1238 1969 1312 2012 con·

159 2055 297 2121 ditiones
320 2059 352 2121 et
373 2077 503 2120 suorum
526 2075 740 2120 suceessorum
769 2055 893 2120 faciunt
914 2054 1042 2120 viliores
1057 2053 1116 2140 lut
1138 2055 1256 2140 legitur
1279 2057 1312 2116 et

159 2165 292 2226 notatur
313 2160 347 2224 in
363 2159 385 2226 l.
409 2181 512 2245 neque
532 2158 655 2225 natales
680 2212 711 2227 ..
736 2182 804 2244 cap.
829 2161 867 2226 de
890 2158 1133 2245 probationibus
1157 2156 1236 2246 [cod.
1255 2160 1274 2226 l.
1292 2159 1313 2222 4

160 2268 211 2333 tit.
238 2267 311 2349 19],
342 2265 399 2330 ubi
429 2265 526 2331 etiam
558 2264 690 2331 dicitur:
729 2265 864 2351 quodsi
898 2265 1033 2350 probari
1066 2287 1117 2330 me
1138 2265 1313 2351 ingenuum

159 2375 180 2440 i.
205 2397 234 2440 e.
258 2373 412 2454 liberum,
445 2377 575 2458 propter
609 2373 669 2438 hoe
691 2373 759 2438 filia
793 2395 863 2438 mea
885 2393 950 2436 non
973 2375 1021 2436 est
1043 2371 1179 2454 probate
1201 2369 1312 2450 libera,

160 2480 236 2566 qnia
259 2485 364 2565 potest
387 2503 453 2546 esse
469 2485 546 2546 nata
570 2503 608 2545 ex
631 2479 757 2561 ancilla,
770 2484 814 2546 -et
828 2484 981 2565 perpetuo
1004 2479 1039 2542 in
1062 2483 1204 2564 posteros
1226 2483 1314 2544 caret

159 2586 318 2652 libertatis
340 2586 590 2671 praerogativa),
620 2585 665 2651 sic
698 2587 795 2652 etiam
830 2592 879 2652 est
914 2587 953 2650 de
986 2583 1108 2649 civibus
1140 2581 1312 2648 nobilibus.
1358 2663 1363 2674 ¹

159 2689 254 2758 Unde
283 2696 411 2757 senator
441 2691 469 2756 si
500 2691 663 2756 contrahit
685 2713 757 2756 curn
779 2691 948 2770 libertina,
980 2689 1171 2776 dignitatem
1194 2689 1299 2754 amitti

162 2798 209 2882 (ff.
235 2797 363 2883 [digest.
386 2797 408 2864 l.
438 2799 480 2863 23
502 2797 553 2862 tit.
579 2797 598 2862 2
629 2820 680 2883 qu.
714 2797 769 2880 27]
805 2799 843 2862 de
874 2797 941 2861 ritu
971 2796 1108 2880 nuptiar.
1133 2794 1154 2861 l.
1188 2795 1216 2859 si
1244 2793 1315 2879 quis

161 2903 195 2966 iu
221 2903 380 2968 senatorio
404 2953 411 2968 .
434 2903 469 2989 2.)
515 2903 589 2968 Nou
606 2907 713 2968 autem
728 2903 773 2968 sic
788 2908 836 2968 est
851 2903 889 2970 de
905 2901 1035 2987 regibus
1058 2905 1091 2966 et
1105 2899 1311 2984 principibus.

164 3008 290 3074 facilius
313 3009 398 3074 enirn
420 3008 542 3074 nobiles
565 3008 703 3074 minores
726 3031 782 3093 per
805 3007 883 3072 vilia
905 3005 1064 3072 connubia
1085 3004 1203 3069 lineam
1225 3026 1315 3068 suam

163 3115 345 3195 maculant,
368 3137 465 3200 quam
486 3113 631 3179 maiores.
677 3113 747 3178 ideo
770 3113 842 3198 plus
865 3115 957 3177 nocet
979 3109 1100 3176 humile
1122 3109 1315 3174 connubium

163 3220 277 3286 baroni
301 3243 397 3305 quam
411 3219 560 3305 principi,
583 3223 616 3284 et
637 3220 708 3304 plus
723 3217 821 3283 militi
844 3241 940 3303 quarn
962 3215 1084 3295 baroni,
1109 3219 1141 3279 et
1163 3213 1236 3298 plus
1252 3213 1315 3277 civi

164 3347 261 3412 quam
292 3325 389 3391 militi
413 3325 462 3390 vel
484 3325 628 3389 militari.
676 3325 768 3392 Unde
802 3324 925 3389 adhoc
956 3321 1155 3407 propositum
1183 3317 1314 3404 legitur,

164 3432 249 3516 quod
269 3431 428 3517 quondam
451 3430 563 3494 unicus
579 3429 664 3494 filius
687 3431 772 3516 regis
789 3429 1003 3495 Bohemorum
1026 3449 1131 3492 amore
1148 3427 1315 3508 superatus

165 3535 327 3602 contraxit
349 3557 421 3600 cum
443 3534 590 3620 pauperis
614 3534 737 3600 lotricis
754 3533 831 3614 filia,
856 3539 888 3600 et
910 3557 966 3619 per
989 3533 1120 3599 eandem
1144 3551 1245 3617 genus
1268 3551 1315 3592 re-

165 3641 237 3726 gale
260 3645 309 3706 est
331 3640 567 3720 continuatum,
591 3639 667 3724 quia
689 3644 757 3706 tam
778 3639 941 3726 ingentem
964 3639 1074 3723 stirpis
1097 3633 1317 3703 excellentiam

164 3745 307 3831 parvitas
338 3745 479 3810 mulieris
514 3745 690 3810 diminuere
713 3767 777 3809 non
809 3745 933 3830 potuit,
966 3744 1049 3809 sicut
1080 3765 1137 3807 nec
1158 3740 1317 3806 modicum

166 3873 257 3937 aqua
273 3851 399 3936 copioso
414 3850 485 3937 igni
501 3857 603 3932 nocet,
627 3850 704 3937 qnia
719 3851 770 3916 lex
786 3850 863 3915 dicit
886 3849 970 3934 quod
987 3848 1134 3914 mulieres
1150 3849 1317 3912 coruscant

166 3956 325 4043 dignitate
341 3955 490 4024 virorum.
539 3955 614 4022 Non
630 3960 737 4021 autem
759 3960 808 4020 est
825 3955 966 4033 dubium,
990 3953 1069 4038 quin
1085 3951 1160 4016 talis
1175 3949 1316 4016 mulieris

166 4061 289 4127 lotrieis
311 4064 491 4126 contractus
514 4059 688 4145 plurimum
711 4057 948 4140 obumbrasset,
981 4059 1009 4123 si
1032 4079 1096 4122 non
1119 4054 1315 4133 extinxisset,

166 4189 273 4252 parvae
305 4166 484 4231 nobilitatis
506 4167 621 4232 lumen.
669 4163 830 4229 Modicum
846 4164 931 4228 enim
953 4163 987 4227 in
1010 4161 1111 4227 multo
1133 4183 1197 4225 non
1213 4157 1317 4238 vitiat,

167 4273 252 4358 quod
274 4271 308 4336 in
332 4272 454 4338 modico
477 4271 569 4338 valde
585 4270 688 4338 vitiat.
734 4269 917 4335 Laudabilis
933 4292 1009 4356 ergo
1034 4291 1114 4333 vena
1136 4288 1226 4331 suam
1250 4285 1316 4328 ser·

733 4401 749 4436 *

240 4483 253 4536 1
274 4481 300 4536 S.
320 4479 334 4534 l
354 4480 427 4536 Sam.
448 4481 489 4545 18,
507 4479 532 4534 8.
552 4477 595 4534 27.
668 4481 684 4534 2
703 4479 842 4535 connubia
860 4478 932 4534 fehlt
950 4477 980 4532 in
999 4477 1075 4532 allen
1093 4491 1157 4529 mss.
