3072 4936
789 347 850 412 152

243 545 329 586 ronse
344 521 503 606 praedictae
518 520 718 586 meridionali
741 542 779 586 ex
803 521 949 606 opposito
965 517 1126 586 Ulmensia
1142 519 1283 586 civitatis
1306 525 1392 586 trans
1437 579 1443 588 .

240 625 425 692 Danubium
448 629 496 691 cat
518 626 645 712 insigne
673 625 902 692 monasterium
923 622 1113 710 Wiblingen
1141 623 1262 689 ordinis
1292 624 1393 690 sancti

241 729 414 810 Benedicti,
440 737 472 797 et
492 730 720 796 monasterium
742 729 994 795 Ochsenhusen¹
1018 750 1171 816 magnum
1186 729 1328 794 eiusdem
1343 751 1394 794 or-

241 837 343 915 dinis,
376 841 408 901 et
429 834 656 900 monasterium
689 834 808 899 dictum
833 832 946 899 Roth’
974 835 1336 919 premonstratensium,
1365 841 1396 900 et

240 939 461 1007 Buohshaim³
485 939 760 1018 carthusiensium,
783 939 845 1004 duo
869 938 1061 1004 monasteria
1082 937 1270 1004 monialium
1285 939 1396 1006 cister-

241 1047 355 1112 ciensis
378 1045 498 1112 ordinis
521 1044 677 1128 Hegbacb
699 1049 731 1110 et
754 1044 844 1110 Bona
867 1043 985 1110 Cella⁴.

329 1151 374 1216 Et
395 1155 512 1235 praetcr
534 1151 698 1216 nominata
720 1151 945 1235 religiosorum
968 1149 1038 1216 loca
1053 1171 1110 1235 per
1125 1150 1295 1216 circuitum
1319 1149 1398 1217 ciri-
1514 1171 1516 1200 ¹

242 1257 319 1322 tatis
342 1257 494 1322 ulmensis
509 1259 586 1321 sunt
601 1255 704 1320 adhuc
728 1253 792 1320 alia
808 1255 909 1338 plura,
932 1277 1003 1339 quae
1019 1259 1156 1321 transeo.
1202 1253 1288 1320 Nam
1304 1255 1398 1340 quasi

242 1362 345 1426 maior
367 1383 441 1446 pars
465 1360 604 1446 regionis
628 1360 666 1424 ad
690 1359 917 1426 ecclesiasticos
940 1363 1073 1444 spectat,
1098 1382 1170 1425 cum
1190 1359 1306 1444 quibus
1329 1383 1399 1426 om·

243 1467 337 1532 nibus
359 1466 479 1531 domini
511 1463 672 1531 Ulmenses
708 1466 741 1530 iu
765 1465 1016 1550 possessionibus
1039 1465 1291 1546 communicant,
1315 1466 1400 1531 sieut

243 1595 314 1637 cum
338 1570 508 1636 comitibus
539 1575 571 1635 et
597 1570 795 1655 principibus
825 1571 1130 1637 circumiacentibus.
1177 1571 1278 1636 Porro
1301 1571 1400 1636 nimia

244 1677 377 1762 longum
393 1681 474 1741 esset
488 1675 596 1741 omnia
611 1676 763 1760 praedicta
777 1677 954 1742 describere
968 1676 1047 1757 loca,
1064 1677 1208 1762 quamvis
1224 1676 1400 1761 pulchrum

245 1781 342 1860 foret,
366 1780 522 1867 origines,
555 1779 774 1860 fundationes,
807 1781 999 1848 deiectiones
1030 1786 1064 1848 et
1093 1782 1336 1850 reformationes
1367 1787 1403 1848 et

246 1886 324 1950 alias
347 1885 551 1952 habitudines
574 1888 719 1953 scribere.
759 1888 829 1954 ideo
853 1887 1004 1952 maiorem
1022 1907 1190 1954 numerum
1204 1887 1344 1966 dimitto,
1368 1892 1403 1952 et

246 1991 353 2076 aliqua
374 1990 532 2076 loca'per
555 1992 706 2058 circulum
740 1993 925 2078 praedictum
955 1993 1132 2059 describam
1156 1991 1301 2070 brevius,
1334 2014 1401 2077 quo

246 2102 366 2181 potero.

164 2233 222 2268 (sold.

149 2278 241 2402 ἓξὲξ
766 2288 833 2359 (lap.
853 2289 878 2344 2.

180 2378 199 2402 m
234 2390 440 2478 'Nomina
462 2413 879 2480 describendorum
900 2413 1297 2482 monasteriorum
1324 2413 1402 2479 blo

349 2519 698 2602 exprimuntur,
732 2522 774 2584 et
806 2518 955 2604 plagae
988 2519 1287 2586 situationis.

335 2682 490 2768 Incipiam
511 2703 587 2769 ergo
610 2683 644 2748 in
666 2687 757 2768 parte
787 2685 967 2770 aquilonari
997 2685 1038 2750 ad
1067 2684 1153 2750 latus
1184 2683 1337 2762 orientis,
1368 2688 1403 2748 et

248 2789 422 2854 describam
438 2788 617 2874 Elchingen
641 2790 754 2873 prima,
778 2793 810 2854 et
833 2795 943 2874 postea
959 2789 1143 2876 Medlingen
1168 2794 1200 2854 et
1215 2787 1400 2875 Medingen.

247 2893 282 2958 in
304 2897 394 2978 parte
416 2895 563 2959 orientali
587 2894 762 2960 describam
787 2893 1040 2982 Roggaburgum
1062 2900 1094 2962 et
1116 2893 1327 2961 Ottenbtlren.
1366 2895 1401 2959 in

247 2999 446 3065 meridionali
470 3023 545 3066 vero
562 3006 652 3086 parte
667 3000 856 3087 Wiblingen
880 3006 912 3066 et
934 3000 1122 3088 Heggbach.
1161 2999 1196 3064 iu
1213 2999 1405 3065 occidentali

249 3108 356 3169 autem
379 3105 566 3186 Burronem,
593 3103 802 3192 Urspringen,
828 3103 930 3170 Wiler
953 3110 985 3170 et
1007 3104 1179 3191 Seflingen.

768 3323 833 3394 Cap.
852 3325 876 3378 3.

264 3473 541 3558 Descriptio
579 3472 862 3538 monasterii
895 3472 1082 3558 egregii
1120 3471 1389 3559 Elchingen

433 3579 680 3644 secundum
712 3577 976 3644 subiectum
1009 3577 1225 3643 ordinem.

340 3769 519 3859 Elchingeu
542 3773 575 3836 in
600 3770 752 3835 lateribus
771 3767 928 3854 aquilonis
951 3773 1059 3834 monte
1075 3789 1273 3853 suspensum,
1296 3768 1403 3832 orien-

253 3879 318 3940 tem
340 3881 373 3941 et
394 3877 557 3942 meridiem
579 3875 787 3960 prospiciens,
816 3873 946 3940 Ulmum
968 3873 1002 3937 in
1028 3873 1189 3938 occidente
1212 3877 1248 3936 ut
1270 3871 1405 3959 globum

820 3991 837 4030 a

325 4075 338 4128 1
357 4075 552 4131 Oebsenhusen
571 4076 643 4131 Mon.
665 4077 687 4129 l.
707 4073 787 4130 Gold.
802 4075 841 4128 ut.
879 4071 1106 4128 chaenhauaseu
1118 4070 1213 4136 Wibl,
1232 4071 1336 4126 batlich
1349 4089 1405 4128 von

253 4163 389 4220 Biberach
408 4181 444 4219 an
464 4163 514 4218 der
532 4164 657 4220 Battum.
702 4165 719 4217 2
738 4161 808 4218 Rott
828 4161 909 4218 Gold.
927 4163 967 4215 ut.
1005 4160 1094 4216 Rotbt
1107 4157 1169 4216 soh.
1183 4157 1236 4220 lll..
1250 4157 1405 4214 sildbatlieb

255 4269 309 4308 von
327 4243 541 4308 Ochsenhauseri
565 4269 602 4306 an
629 4249 677 4303 dor
696 4249 779 4306 Roth.
852 4251 868 4304 3
893 4246 1049 4300 buchsbam
1075 4245 1146 4300 Mon.
1174 4245 1197 4298 1.
1235 4243 1403 4300 Bachabairn

254 4337 335 4396 Gold.
354 4343 403 4402 ut,
422 4339 560 4395 awischen
577 4339 768 4407 Memmingeu
785 4337 844 4391 und
862 4336 912 4390 der
929 4335 1005 4390 Iller.
1087 4331 1257 4402 4Hegbacb
1276 4332 1405 4386 nordou-

256 4427 310 4482 lich
332 4445 384 4483 von
405 4427 549 4483 Biberach.
587 4425 735 4480 Gutanrell
754 4423 861 4479 saulieu
880 4441 934 4479 von
952 4419 1096 4478 Schwendi
1116 4437 1152 4474 an
1171 4419 1221 4474 dar
1244 4417 1326 4477 Roth.
