<?xml version="1.0" encoding="UTF-8"?>
<!DOCTYPE html PUBLIC "-//W3C//DTD XHTML 1.0 Transitional//EN"
    "http://www.w3.org/TR/xhtml1/DTD/xhtml1-transitional.dtd">
<html xmlns="http://www.w3.org/1999/xhtml" xml:lang="en" lang="en">
 <head>
  <title>
</title>
<meta http-equiv="Content-Type" content="text/html;charset=utf-8" />
  <meta name='ocr-system' content='tesseract 3.04.00' />
  <meta name='ocr-capabilities' content='ocr_page ocr_carea ocr_par ocr_line ocrx_word'/>
</head>
<body>
  <div class='ocr_page' id='page_1' title='image "./vitabeatevirgin01vggoog_0679.png"; bbox 0 0 3060 4936; ppageno 0'>
   <div class='ocr_carea' id='block_1_1' title="bbox 709 373 771 438">
    <p class='ocr_par' dir='ltr' id='par_1_1' title="bbox 709 373 771 438">
     <span class='ocr_line' id='line_1_1' title="bbox 709 373 771 438; baseline 0 0"><span class='ocrx_word' id='word_1_1' title='bbox 709 373 771 438; x_wconf 86' lang='lat'><strong>215</strong></span> 
     </span>
    </p>
   </div>
   <div class='ocr_carea' id='block_1_2' title="bbox 166 546 1318 619">
    <p class='ocr_par' dir='ltr' id='par_1_2' title="bbox 166 546 1318 619">
     <span class='ocr_line' id='line_1_2' title="bbox 166 546 1318 619; baseline 0.006 -7"><span class='ocrx_word' id='word_1_2' title='bbox 166 547 295 612; x_wconf 89' lang='lat' dir='ltr'><strong>tandem</strong></span> <span class='ocrx_word' id='word_1_3' title='bbox 319 546 419 612; x_wconf 89' lang='lat' dir='ltr'><strong>victos</strong></span> <span class='ocrx_word' id='word_1_4' title='bbox 443 547 481 611; x_wconf 93' lang='lat' dir='ltr'><strong>ad</strong></span> <span class='ocrx_word' id='word_1_5' title='bbox 505 547 600 614; x_wconf 83' lang='lat' dir='ltr'><strong>tidem</strong></span> <span class='ocrx_word' id='word_1_6' title='bbox 623 549 831 616; x_wconf 82' lang='lat' dir='ltr'><strong>christianam</strong></span> <span class='ocrx_word' id='word_1_7' title='bbox 854 551 1011 616; x_wconf 86' lang='lat' dir='ltr'><strong>convertit</strong></span> <span class='ocrx_word' id='word_1_8' title='bbox 1040 555 1072 616; x_wconf 87' lang='lat' dir='ltr'><strong>et</strong></span> <span class='ocrx_word' id='word_1_9' title='bbox 1095 550 1238 617; x_wconf 83' lang='lat' dir='ltr'><strong>Tuitium</strong></span> <span class='ocrx_word' id='word_1_10' title='bbox 1263 554 1318 619; x_wconf 86' lang='lat' dir='ltr'><strong>de·</strong></span> 
     </span>
    </p>
   </div>
   <div class='ocr_carea' id='block_1_3' title="bbox 164 651 1434 740">
    <p class='ocr_par' dir='ltr' id='par_1_3' title="bbox 164 651 1434 740">
     <span class='ocr_line' id='line_1_3' title="bbox 164 651 1434 740; baseline 0.006 -24"><span class='ocrx_word' id='word_1_11' title='bbox 164 651 292 732; x_wconf 75' lang='lat' dir='ltr'><strong>struxit,</strong></span> <span class='ocrx_word' id='word_1_12' title='bbox 316 673 442 717; x_wconf 90' lang='lat' dir='ltr'><strong>omnem</strong></span> <span class='ocrx_word' id='word_1_13' title='bbox 464 651 531 718; x_wconf 89' lang='lat' dir='ltr'><strong>eius</strong></span> <span class='ocrx_word' id='word_1_14' title='bbox 546 655 725 738; x_wconf 83' lang='lat' dir='ltr'><strong>potentiam</strong></span> <span class='ocrx_word' id='word_1_15' title='bbox 748 677 875 740; x_wconf 84' lang='lat' dir='ltr'><strong>acopos</strong></span> <span class='ocrx_word' id='word_1_16' title='bbox 897 655 930 719; x_wconf 91' lang='lat' dir='ltr'><strong>in</strong></span> <span class='ocrx_word' id='word_1_17' title='bbox 947 655 1114 722; x_wconf 86' lang='lat' dir='ltr'><strong>Coloniam</strong></span> <span class='ocrx_word' id='word_1_18' title='bbox 1137 658 1316 724; x_wconf 71' lang='lat' dir='ltr'><strong>transtulit.</strong></span> <span class='ocrx_word' id='word_1_19' title='bbox 1432 667 1434 673; x_wconf 88' lang='grc'><strong>’</strong></span> 
     </span>
    </p>
   </div>
   <div class='ocr_carea' id='block_1_4' title="bbox 165 756 1392 1160">
    <p class='ocr_par' dir='ltr' id='par_1_4' title="bbox 165 756 1368 942">
     <span class='ocr_line' id='line_1_4' title="bbox 165 756 1317 846; baseline 0.004 -24"><span class='ocrx_word' id='word_1_20' title='bbox 165 757 216 823; x_wconf 86' lang='lat' dir='ltr'><strong>Sic</strong></span> <span class='ocrx_word' id='word_1_21' title='bbox 239 779 315 843; x_wconf 81' lang='lat' dir='ltr'><strong>ergo</strong></span> <span class='ocrx_word' id='word_1_22' title='bbox 331 756 445 823; x_wconf 83' lang='lat' dir='ltr'><strong>Tuisco</strong></span> <span class='ocrx_word' id='word_1_23' title='bbox 471 758 563 824; x_wconf 87' lang='lat' dir='ltr'><strong>heros</strong></span> <span class='ocrx_word' id='word_1_24' title='bbox 583 761 706 826; x_wconf 89' lang='lat' dir='ltr'><strong>civitati</strong></span> <span class='ocrx_word' id='word_1_25' title='bbox 729 783 844 826; x_wconf 89' lang='lat' dir='ltr'><strong>nomen</strong></span> <span class='ocrx_word' id='word_1_26' title='bbox 859 760 1003 826; x_wconf 81' lang='lat' dir='ltr'><strong>Tnitium</strong></span> <span class='ocrx_word' id='word_1_27' title='bbox 1019 761 1139 826; x_wconf 88' lang='lat' dir='ltr'><strong>dedita</strong></span> <span class='ocrx_word' id='word_1_28' title='bbox 1162 785 1226 846; x_wconf 85' lang='lat' dir='ltr'><strong>qua</strong></span> <span class='ocrx_word' id='word_1_29' title='bbox 1248 767 1317 828; x_wconf 88' lang='lat' dir='ltr'><strong>totu</strong></span> 
     </span>
     <span class='ocr_line' id='line_1_5' title="bbox 165 861 1368 942; baseline 0.013 -16"><span class='ocrx_word' id='word_1_30' title='bbox 165 863 333 928; x_wconf 86' lang='lat' dir='ltr'><strong>Alemania</strong></span> <span class='ocrx_word' id='word_1_31' title='bbox 355 861 535 928; x_wconf 83' lang='lat' dir='ltr'><strong>Tuitonia¹</strong></span> <span class='ocrx_word' id='word_1_32' title='bbox 558 865 682 932; x_wconf 89' lang='lat' dir='ltr'><strong>dicitur.</strong></span> <span class='ocrx_word' id='word_1_33' title='bbox 1364 929 1368 942; x_wconf 92' lang='lat'><strong>.</strong></span> 
     </span>
    </p>

    <p class='ocr_par' dir='ltr' id='par_1_5' title="bbox 165 959 1392 1160">
     <span class='ocr_line' id='line_1_6' title="bbox 253 959 1392 1053; baseline 0.003 -20"><span class='ocrx_word' id='word_1_34' title='bbox 253 967 342 1034; x_wconf 67' lang='lat' dir='ltr'><strong>‘Alii</strong></span> <span class='ocrx_word' id='word_1_35' title='bbox 376 970 519 1034; x_wconf 91' lang='lat' dir='ltr'><strong>scribunt</strong></span> <span class='ocrx_word' id='word_1_36' title='bbox 559 993 674 1036; x_wconf 91' lang='lat' dir='ltr'><strong>nomen</strong></span> <span class='ocrx_word' id='word_1_37' title='bbox 705 977 798 1037; x_wconf 84' lang='lat' dir='ltr'><strong>terrae</strong></span> <span class='ocrx_word' id='word_1_38' title='bbox 820 977 936 1037; x_wconf 87' lang='lat' dir='ltr'><strong>nostrae</strong></span> <span class='ocrx_word' id='word_1_39' title='bbox 972 971 1193 1052; x_wconf 82' lang='lat' dir='ltr'><strong>Theotonia³,</strong></span> <span class='ocrx_word' id='word_1_40' title='bbox 1228 973 1317 1053; x_wconf 86' lang='lat' dir='ltr'><strong>cuius</strong></span> <span class='ocrx_word' id='word_1_41' title='bbox 1386 959 1392 970; x_wconf 54' lang='lat'><em>⁶</em></span> 
     </span>
     <span class='ocr_line' id='line_1_7' title="bbox 165 1073 663 1160; baseline 0.012 -22"><span class='ocrx_word' id='word_1_42' title='bbox 165 1073 302 1140; x_wconf 89' lang='lat' dir='ltr'><strong>nominis</strong></span> <span class='ocrx_word' id='word_1_43' title='bbox 325 1075 583 1160; x_wconf 82' lang='lat' dir='ltr'><strong>etymologisatio</strong></span> <span class='ocrx_word' id='word_1_44' title='bbox 605 1081 663 1144; x_wconf 88' lang='lat' dir='ltr'><strong>etc.</strong></span> 
     </span>
    </p>
   </div>
   <div class='ocr_carea' id='block_1_5' title="bbox 253 1283 1420 1368">
    <p class='ocr_par' dir='ltr' id='par_1_6' title="bbox 253 1283 1420 1368">
     <span class='ocr_line' id='line_1_8' title="bbox 253 1283 1420 1368; baseline 0.004 -18"><span class='ocrx_word' id='word_1_45' title='bbox 253 1283 343 1350; x_wconf 80' lang='lat' dir='ltr'><strong>Gold.</strong></span> <span class='ocrx_word' id='word_1_46' title='bbox 368 1285 389 1350; x_wconf 91' lang='lat' dir='ltr'><strong>l.</strong></span> <span class='ocrx_word' id='word_1_47' title='bbox 412 1283 429 1350; x_wconf 96' lang='grc' dir='ltr'><strong>Ι</strong></span> <span class='ocrx_word' id='word_1_48' title='bbox 451 1307 476 1352; x_wconf 91' lang='lat' dir='ltr'><strong>c.</strong></span> <span class='ocrx_word' id='word_1_49' title='bbox 501 1287 521 1351; x_wconf 87' lang='lat'>8</span> <span class='ocrx_word' id='word_1_50' title='bbox 544 1285 689 1352; x_wconf 84' lang='lat' dir='ltr'><strong>Francia.</strong></span> <span class='ocrx_word' id='word_1_51' title='bbox 735 1285 788 1352; x_wconf 85' lang='lat' dir='ltr'><strong>Fr.</strong></span> <span class='ocrx_word' id='word_1_52' title='bbox 812 1309 837 1352; x_wconf 93' lang='lat' dir='ltr'><strong>s.</strong></span> <span class='ocrx_word' id='word_1_53' title='bbox 863 1287 901 1353; x_wconf 81' lang='grc'><strong>71</strong></span> <span class='ocrx_word' id='word_1_54' title='bbox 926 1311 952 1352; x_wconf 87' lang='lat' dir='ltr'><strong>z.</strong></span> <span class='ocrx_word' id='word_1_55' title='bbox 987 1289 1038 1353; x_wconf 85' lang='lat'><strong>22.</strong></span> <span class='ocrx_word' id='word_1_56' title='bbox 1085 1286 1171 1354; x_wconf 92' lang='lat' dir='ltr'><strong>Ulm.</strong></span> <span class='ocrx_word' id='word_1_57' title='bbox 1203 1313 1227 1354; x_wconf 89' lang='lat' dir='ltr'><strong>s.</strong></span> <span class='ocrx_word' id='word_1_58' title='bbox 1263 1291 1316 1368; x_wconf 84' lang='lat'><strong>22,</strong></span> <span class='ocrx_word' id='word_1_59' title='bbox 1415 1317 1420 1327; x_wconf 95' lang='lat'>·</span> 
     </span>
    </p>
   </div>
   <div class='ocr_carea' id='block_1_6' title="bbox 161 1389 1317 2947">
    <p class='ocr_par' dir='ltr' id='par_1_7' title="bbox 163 1389 443 1475">
     <span class='ocr_line' id='line_1_9' title="bbox 163 1389 443 1475; baseline 0.007 -21"><span class='ocrx_word' id='word_1_60' title='bbox 163 1389 265 1475; x_wconf 88' lang='lat' dir='ltr'><strong>spalte</strong></span> <span class='ocrx_word' id='word_1_61' title='bbox 288 1391 318 1470; x_wconf 86' lang='grc'><strong>2,</strong></span> <span class='ocrx_word' id='word_1_62' title='bbox 342 1415 367 1456; x_wconf 84' lang='lat' dir='ltr'><strong>z.</strong></span> <span class='ocrx_word' id='word_1_63' title='bbox 393 1391 443 1456; x_wconf 87' lang='lat'><strong>13.</strong></span> 
     </span>
    </p>

    <p class='ocr_par' dir='ltr' id='par_1_8' title="bbox 163 1495 1317 2088">
     <span class='ocr_line' id='line_1_10' title="bbox 254 1495 1316 1583; baseline 0.002 -21"><span class='ocrx_word' id='word_1_64' title='bbox 254 1495 349 1562; x_wconf 81' lang='lat' dir='ltr'><strong>‘Non</strong></span> <span class='ocrx_word' id='word_1_65' title='bbox 371 1496 474 1562; x_wconf 88' lang='lat' dir='ltr'><strong>solum</strong></span> <span class='ocrx_word' id='word_1_66' title='bbox 498 1501 603 1562; x_wconf 85' lang='lat' dir='ltr'><strong>autem</strong></span> <span class='ocrx_word' id='word_1_67' title='bbox 619 1499 729 1583; x_wconf 90' lang='lat' dir='ltr'><strong>populi</strong></span> <span class='ocrx_word' id='word_1_68' title='bbox 744 1498 831 1564; x_wconf 88' lang='lat' dir='ltr'><strong>illius</strong></span> <span class='ocrx_word' id='word_1_69' title='bbox 856 1503 948 1564; x_wconf 87' lang='lat' dir='ltr'><strong>terrae</strong></span> <span class='ocrx_word' id='word_1_70' title='bbox 972 1499 1093 1564; x_wconf 83' lang='lat' dir='ltr'><strong>ruditas</strong></span> <span class='ocrx_word' id='word_1_71' title='bbox 1116 1498 1239 1580; x_wconf 84' lang='lat' dir='ltr'><strong>defecit,</strong></span> <span class='ocrx_word' id='word_1_72' title='bbox 1263 1499 1316 1564; x_wconf 86' lang='lat' dir='ltr'><strong>sed</strong></span> 
     </span>
     <span class='ocr_line' id='line_1_11' title="bbox 163 1602 1316 1686; baseline 0.003 -20"><span class='ocrx_word' id='word_1_73' title='bbox 163 1603 265 1686; x_wconf 88' lang='lat' dir='ltr'><strong>ipsum</strong></span> <span class='ocrx_word' id='word_1_74' title='bbox 279 1602 383 1668; x_wconf 88' lang='lat' dir='ltr'><strong>solum</strong></span> <span class='ocrx_word' id='word_1_75' title='bbox 394 1602 466 1666; x_wconf 88' lang='lat' dir='ltr'><strong>coeli</strong></span> <span class='ocrx_word' id='word_1_76' title='bbox 478 1602 634 1668; x_wconf 81' lang='lat' dir='ltr'><strong>revolutio</strong></span> <span class='ocrx_word' id='word_1_77' title='bbox 645 1603 791 1669; x_wconf 84' lang='lat' dir='ltr'><strong>mutavit.</strong></span> <span class='ocrx_word' id='word_1_78' title='bbox 814 1602 900 1670; x_wconf 87' lang='lat' dir='ltr'><strong>Nam</strong></span> <span class='ocrx_word' id='word_1_79' title='bbox 911 1603 1074 1670; x_wconf 80' lang='lat' dir='ltr'><strong>Cornelius</strong></span> <span class='ocrx_word' id='word_1_80' title='bbox 1087 1603 1216 1669; x_wconf 76' lang='lat' dir='ltr'><strong>Tacitus</strong></span> <span class='ocrx_word' id='word_1_81' title='bbox 1228 1604 1316 1683; x_wconf 88' lang='lat' dir='ltr'><strong>dicit,</strong></span> 
     </span>
     <span class='ocr_line' id='line_1_12' title="bbox 163 1708 1317 1794; baseline 0.002 -22"><span class='ocrx_word' id='word_1_82' title='bbox 163 1708 240 1772; x_wconf 92' lang='lat' dir='ltr'><strong>olim</strong></span> <span class='ocrx_word' id='word_1_83' title='bbox 255 1713 373 1772; x_wconf 86' lang='lat' dir='ltr'><strong>terram</strong></span> <span class='ocrx_word' id='word_1_84' title='bbox 389 1711 532 1772; x_wconf 87' lang='lat' dir='ltr'><strong>nostram</strong></span> <span class='ocrx_word' id='word_1_85' title='bbox 547 1730 612 1772; x_wconf 89' lang='lat' dir='ltr'><strong>non</strong></span> <span class='ocrx_word' id='word_1_86' title='bbox 635 1731 749 1772; x_wconf 88' lang='lat' dir='ltr'><strong>aurum</strong></span> <span class='ocrx_word' id='word_1_87' title='bbox 771 1730 828 1772; x_wconf 90' lang='lat' dir='ltr'><strong>nec</strong></span> <span class='ocrx_word' id='word_1_88' title='bbox 849 1713 1018 1794; x_wconf 78' lang='lat' dir='ltr'><strong>argentum</strong></span> <span class='ocrx_word' id='word_1_89' title='bbox 1033 1709 1171 1774; x_wconf 81' lang='lat' dir='ltr'><strong>neoclis</strong></span> <span class='ocrx_word' id='word_1_90' title='bbox 1187 1709 1317 1774; x_wconf 85' lang='lat' dir='ltr'><strong>metalla</strong></span> 
     </span>
     <span class='ocr_line' id='line_1_13' title="bbox 163 1795 1315 1892; baseline 0.001 -17"><span class='ocrx_word' id='word_1_91' title='bbox 163 1811 322 1892; x_wconf 83' lang='lat' dir='ltr'><strong>habuisse,</strong></span> <span class='ocrx_word' id='word_1_92' title='bbox 344 1834 428 1878; x_wconf 90' lang='lat' dir='ltr'><strong>nnnc</strong></span> <span class='ocrx_word' id='word_1_93' title='bbox 452 1817 559 1877; x_wconf 87' lang='lat' dir='ltr'><strong>autem</strong></span> <span class='ocrx_word' id='word_1_94' title='bbox 582 1812 616 1876; x_wconf 93' lang='lat' dir='ltr'><strong>iu</strong></span> <span class='ocrx_word' id='word_1_95' title='bbox 639 1795 735 1878; x_wconf 80' lang='lat' dir='ltr'><strong>arena</strong></span> <span class='ocrx_word' id='word_1_96' title='bbox 755 1811 861 1878; x_wconf 82' lang='lat' dir='ltr'><strong>Rheni</strong></span> <span class='ocrx_word' id='word_1_97' title='bbox 883 1821 915 1878; x_wconf 87' lang='lat' dir='ltr'><strong>et</strong></span> <span class='ocrx_word' id='word_1_98' title='bbox 930 1813 1070 1878; x_wconf 81' lang='lat' dir='ltr'><strong>Danubii</strong></span> <span class='ocrx_word' id='word_1_99' title='bbox 1093 1813 1181 1878; x_wconf 89' lang='lat' dir='ltr'><strong>etin</strong></span> <span class='ocrx_word' id='word_1_100' title='bbox 1204 1813 1315 1878; x_wconf 88' lang='lat' dir='ltr'><strong>multis</strong></span> 
     </span>
     <span class='ocr_line' id='line_1_14' title="bbox 164 1916 1314 1984; baseline 0 -2"><span class='ocrx_word' id='word_1_101' title='bbox 164 1917 242 1982; x_wconf 89' lang='lat' dir='ltr'><strong>locis</strong></span> <span class='ocrx_word' id='word_1_102' title='bbox 264 1917 427 1983; x_wconf 82' lang='lat' dir='ltr'><strong>invenitur</strong></span> <span class='ocrx_word' id='word_1_103' title='bbox 455 1922 487 1982; x_wconf 89' lang='lat' dir='ltr'><strong>et</strong></span> <span class='ocrx_word' id='word_1_104' title='bbox 516 1916 637 1983; x_wconf 85' lang='lat' dir='ltr'><strong>foditur</strong></span> <span class='ocrx_word' id='word_1_105' title='bbox 666 1939 779 1982; x_wconf 92' lang='lat' dir='ltr'><strong>aurum</strong></span> <span class='ocrx_word' id='word_1_106' title='bbox 809 1923 842 1984; x_wconf 87' lang='lat' dir='ltr'><strong>et</strong></span> <span class='ocrx_word' id='word_1_107' title='bbox 864 1919 928 1983; x_wconf 91' lang='lat' dir='ltr'><strong>alia</strong></span> <span class='ocrx_word' id='word_1_108' title='bbox 958 1918 1097 1984; x_wconf 86' lang='lat' dir='ltr'><strong>metalla.</strong></span> <span class='ocrx_word' id='word_1_109' title='bbox 1144 1916 1196 1982; x_wconf 87' lang='lat' dir='ltr'><strong>Sic</strong></span> <span class='ocrx_word' id='word_1_110' title='bbox 1218 1918 1314 1983; x_wconf 87' lang='lat' dir='ltr'><strong>etiam</strong></span> 
     </span>
     <span class='ocr_line' id='line_1_15' title="bbox 164 2023 579 2088; baseline 0 0"><span class='ocrx_word' id='word_1_111' title='bbox 164 2028 213 2088; x_wconf 85' lang='lat' dir='ltr'><strong>est</strong></span> <span class='ocrx_word' id='word_1_112' title='bbox 234 2023 273 2088; x_wconf 84' lang='lat' dir='ltr'><strong>de</strong></span> <span class='ocrx_word' id='word_1_113' title='bbox 295 2027 389 2088; x_wconf 83' lang='lat' dir='ltr'><strong>terrae</strong></span> <span class='ocrx_word' id='word_1_114' title='bbox 412 2023 579 2088; x_wconf 85' lang='lat' dir='ltr'><strong>fructibus.</strong></span> 
     </span>
    </p>

    <p class='ocr_par' dir='ltr' id='par_1_9' title="bbox 161 2119 1315 2947">
     <span class='ocr_line' id='line_1_16' title="bbox 248 2119 1315 2194; baseline -0.004 0"><span class='ocrx_word' id='word_1_115' title='bbox 248 2126 400 2194; x_wconf 79' lang='lat' dir='ltr'><strong>Ultimo⁶</strong></span> <span class='ocrx_word' id='word_1_116' title='bbox 427 2127 594 2192; x_wconf 81' lang='lat' dir='ltr'><strong>Alemauia</strong></span> <span class='ocrx_word' id='word_1_117' title='bbox 624 2128 741 2194; x_wconf 90' lang='lat' dir='ltr'><strong>dicitur</strong></span> <span class='ocrx_word' id='word_1_118' title='bbox 764 2119 900 2192; x_wconf 70' lang='lat' dir='ltr'><strong>Francia</strong></span> <span class='ocrx_word' id='word_1_119' title='bbox 931 2133 963 2192; x_wconf 90' lang='lat' dir='ltr'><strong>et</strong></span> <span class='ocrx_word' id='word_1_120' title='bbox 985 2127 1176 2193; x_wconf 83' lang='lat' dir='ltr'><strong>Theutonici</strong></span> <span class='ocrx_word' id='word_1_121' title='bbox 1200 2125 1315 2192; x_wconf 83' lang='lat' dir='ltr'><strong>Franci</strong></span> 
     </span>
     <span class='ocr_line' id='line_1_17' title="bbox 164 2231 1314 2318; baseline -0.003 -20"><span class='ocrx_word' id='word_1_122' title='bbox 164 2237 293 2318; x_wconf 82' lang='lat' dir='ltr'><strong>propter</strong></span> <span class='ocrx_word' id='word_1_123' title='bbox 321 2233 524 2298; x_wconf 88' lang='lat' dir='ltr'><strong>latitudinem</strong></span> <span class='ocrx_word' id='word_1_124' title='bbox 556 2233 649 2318; x_wconf 85' lang='lat' dir='ltr'><strong>regni</strong></span> <span class='ocrx_word' id='word_1_125' title='bbox 676 2232 887 2312; x_wconf 80' lang='lat' dir='ltr'><strong>Francorum,</strong></span> <span class='ocrx_word' id='word_1_126' title='bbox 920 2234 1003 2317; x_wconf 90' lang='lat' dir='ltr'><strong>quod</strong></span> <span class='ocrx_word' id='word_1_127' title='bbox 1036 2237 1180 2316; x_wconf 89' lang='lat' dir='ltr'><strong>tempore</strong></span> <span class='ocrx_word' id='word_1_128' title='bbox 1209 2231 1314 2316; x_wconf 92' lang='lat' dir='ltr'><strong>Pipini</strong></span> 
     </span>
     <span class='ocr_line' id='line_1_18' title="bbox 163 2337 1315 2424; baseline -0.001 -21"><span class='ocrx_word' id='word_1_129' title='bbox 163 2338 392 2403; x_wconf 87' lang='lat' dir='ltr'><strong>extendebatur</strong></span> <span class='ocrx_word' id='word_1_130' title='bbox 415 2361 434 2402; x_wconf 88' lang='lat' dir='ltr'><strong>a</strong></span> <span class='ocrx_word' id='word_1_131' title='bbox 468 2337 564 2402; x_wconf 84' lang='lat' dir='ltr'><strong>fluvio</strong></span> <span class='ocrx_word' id='word_1_132' title='bbox 586 2337 720 2402; x_wconf 86' lang='lat' dir='ltr'><strong>Mosella</strong></span> <span class='ocrx_word' id='word_1_133' title='bbox 743 2357 843 2424; x_wconf 87' lang='lat' dir='ltr'><strong>usque</strong></span> <span class='ocrx_word' id='word_1_134' title='bbox 873 2340 912 2404; x_wconf 86' lang='lat' dir='ltr'><strong>ad</strong></span> <span class='ocrx_word' id='word_1_135' title='bbox 936 2338 1148 2424; x_wconf 80' lang='lat' dir='ltr'><strong>Hungarium.</strong></span> <span class='ocrx_word' id='word_1_136' title='bbox 1194 2337 1315 2403; x_wconf 87' lang='lat' dir='ltr'><strong>Idcirco</strong></span> 
     </span>
     <span class='ocr_line' id='line_1_19' title="bbox 162 2440 1313 2529; baseline -0.003 -20"><span class='ocrx_word' id='word_1_137' title='bbox 162 2440 419 2509; x_wconf 85' lang='lat' dir='ltr'><strong>Karolomannus</strong></span> <span class='ocrx_word' id='word_1_138' title='bbox 434 2443 445 2480; x_wconf 79' lang='lat'>⁸</span> <span class='ocrx_word' id='word_1_139' title='bbox 469 2443 588 2527; x_wconf 87' lang='lat' dir='ltr'><strong>recepit</strong></span> <span class='ocrx_word' id='word_1_140' title='bbox 604 2466 623 2508; x_wconf 89' lang='lat' dir='ltr'><strong>a</strong></span> <span class='ocrx_word' id='word_1_141' title='bbox 645 2443 746 2509; x_wconf 83' lang='lat' dir='ltr'><strong>fratre</strong></span> <span class='ocrx_word' id='word_1_142' title='bbox 761 2443 876 2529; x_wconf 89' lang='lat' dir='ltr'><strong>Pipino</strong></span> <span class='ocrx_word' id='word_1_143' title='bbox 891 2467 950 2529; x_wconf 86' lang='lat' dir='ltr'><strong>pro</strong></span> <span class='ocrx_word' id='word_1_144' title='bbox 965 2467 1023 2509; x_wconf 90' lang='lat' dir='ltr'><strong>sua</strong></span> <span class='ocrx_word' id='word_1_145' title='bbox 1037 2449 1124 2509; x_wconf 89' lang='lat' dir='ltr'><strong>sorte</strong></span> <span class='ocrx_word' id='word_1_146' title='bbox 1140 2444 1313 2518; x_wconf 84' lang='lat' dir='ltr'><strong>Austriam,</strong></span> 
     </span>
     <span class='ocr_line' id='line_1_20' title="bbox 164 2545 1315 2634; baseline -0.003 -20"><span class='ocrx_word' id='word_1_147' title='bbox 164 2549 351 2626; x_wconf 80' lang='lat' dir='ltr'><strong>Bovarium,</strong></span> <span class='ocrx_word' id='word_1_148' title='bbox 389 2545 581 2626; x_wconf 84' lang='lat' dir='ltr'><strong>Saxoniam,</strong></span> <span class='ocrx_word' id='word_1_149' title='bbox 617 2547 780 2628; x_wconf 85' lang='lat' dir='ltr'><strong>Sueviam,</strong></span> <span class='ocrx_word' id='word_1_150' title='bbox 813 2548 1054 2634; x_wconf 75' lang='lat' dir='ltr'><strong>Thuriln]giam</strong></span> <span class='ocrx_word' id='word_1_151' title='bbox 1077 2571 1161 2613; x_wconf 87' lang='lat' dir='ltr'><strong>anno</strong></span> <span class='ocrx_word' id='word_1_152' title='bbox 1195 2547 1315 2613; x_wconf 92' lang='lat' dir='ltr'><strong>domini</strong></span> 
     </span>
     <span class='ocr_line' id='line_1_21' title="bbox 161 2651 1313 2736; baseline -0.002 -18"><span class='ocrx_word' id='word_1_153' title='bbox 161 2651 333 2736; x_wconf 68' lang='lat' dir='ltr'><strong>Dccaljj,</strong></span> <span class='ocrx_word' id='word_1_154' title='bbox 356 2659 393 2718; x_wconf 90' lang='lat' dir='ltr'><strong>ut</strong></span> <span class='ocrx_word' id='word_1_155' title='bbox 408 2653 507 2718; x_wconf 86' lang='lat' dir='ltr'><strong>habet</strong></span> <span class='ocrx_word' id='word_1_156' title='bbox 522 2651 725 2718; x_wconf 84' lang='lat' dir='ltr'><strong>Hermannus</strong></span> <span class='ocrx_word' id='word_1_157' title='bbox 741 2654 773 2716; x_wconf 93' lang='lat' dir='ltr'><strong>in</strong></span> <span class='ocrx_word' id='word_1_158' title='bbox 790 2675 848 2718; x_wconf 85' lang='lat' dir='ltr'><strong>sua</strong></span> <span class='ocrx_word' id='word_1_159' title='bbox 862 2653 1012 2718; x_wconf 86' lang='lat' dir='ltr'><strong>chronica</strong></span> <span class='ocrx_word' id='word_1_160' title='bbox 1024 2651 1048 2718; x_wconf 81' lang='lat'><strong>’.</strong></span> <span class='ocrx_word' id='word_1_161' title='bbox 1094 2651 1147 2720; x_wconf 89' lang='lat' dir='ltr'><strong>Sic</strong></span> <span class='ocrx_word' id='word_1_162' title='bbox 1163 2653 1313 2730; x_wconf 81' lang='lat' dir='ltr'><strong>Saxones,</strong></span> 
     </span>
     <span class='ocr_line' id='line_1_22' title="bbox 161 2756 1315 2844; baseline 0 -22"><span class='ocrx_word' id='word_1_163' title='bbox 161 2757 332 2844; x_wconf 76' lang='lat' dir='ltr'><strong>Thuringi,</strong></span> <span class='ocrx_word' id='word_1_164' title='bbox 348 2758 475 2836; x_wconf 85' lang='lat' dir='ltr'><strong>Bavari,</strong></span> <span class='ocrx_word' id='word_1_165' title='bbox 492 2756 586 2824; x_wconf 85' lang='lat' dir='ltr'><strong>Suevi</strong></span> <span class='ocrx_word' id='word_1_166' title='bbox 610 2763 642 2822; x_wconf 90' lang='lat' dir='ltr'><strong>et</strong></span> <span class='ocrx_word' id='word_1_167' title='bbox 658 2758 770 2824; x_wconf 87' lang='lat' dir='ltr'><strong>Austri</strong></span> <span class='ocrx_word' id='word_1_168' title='bbox 786 2757 861 2822; x_wconf 88' lang='lat' dir='ltr'><strong>olim</strong></span> <span class='ocrx_word' id='word_1_169' title='bbox 887 2759 1073 2824; x_wconf 89' lang='lat' dir='ltr'><strong>dicebantur</strong></span> <span class='ocrx_word' id='word_1_170' title='bbox 1090 2757 1215 2838; x_wconf 78' lang='lat' dir='ltr'><strong>Franci,</strong></span> <span class='ocrx_word' id='word_1_171' title='bbox 1239 2759 1315 2843; x_wconf 91' lang='lat' dir='ltr'><strong>quia</strong></span> 
     </span>
     <span class='ocr_line' id='line_1_23' title="bbox 161 2861 1313 2947; baseline -0.003 -17"><span class='ocrx_word' id='word_1_172' title='bbox 161 2861 390 2930; x_wconf 82' lang='lat' dir='ltr'><strong>extendebatur</strong></span> <span class='ocrx_word' id='word_1_173' title='bbox 406 2883 539 2947; x_wconf 82' lang='lat' dir='ltr'><strong>regnum</strong></span> <span class='ocrx_word' id='word_1_174' title='bbox 555 2862 750 2927; x_wconf 83' lang='lat' dir='ltr'><strong>Francorum</strong></span> <span class='ocrx_word' id='word_1_175' title='bbox 775 2863 815 2926; x_wconf 89' lang='lat' dir='ltr'><strong>eb</strong></span> <span class='ocrx_word' id='word_1_176' title='bbox 832 2861 993 2946; x_wconf 90' lang='lat' dir='ltr'><strong>Hispania</strong></span> <span class='ocrx_word' id='word_1_177' title='bbox 1011 2885 1111 2947; x_wconf 86' lang='lat' dir='ltr'><strong>usque</strong></span> <span class='ocrx_word' id='word_1_178' title='bbox 1127 2863 1313 2940; x_wconf 86' lang='lat' dir='ltr'><strong>Panoniam,</strong></span> 
     </span>
    </p>
   </div>
   <div class='ocr_carea' id='block_1_7' title="bbox 36 2946 688 3036">
    <p class='ocr_par' dir='ltr' id='par_1_10' title="bbox 36 2946 688 3036">
     <span class='ocr_line' id='line_1_24' title="bbox 36 2946 688 3036; baseline -0.005 -1"><span class='ocrx_word' id='word_1_179' title='bbox 36 2946 42 2973; x_wconf 32' lang='grc' dir='ltr'>ἱ</span> <span class='ocrx_word' id='word_1_180' title='bbox 161 2970 246 3036; x_wconf 91' lang='lat' dir='ltr'><strong>ultra</strong></span> <span class='ocrx_word' id='word_1_181' title='bbox 272 2969 417 3034; x_wconf 80' lang='lat' dir='ltr'><strong>Rhenum</strong></span> <span class='ocrx_word' id='word_1_182' title='bbox 440 2972 473 3033; x_wconf 90' lang='lat' dir='ltr'><strong>et</strong></span> <span class='ocrx_word' id='word_1_183' title='bbox 494 2967 688 3032; x_wconf 88' lang='lat' dir='ltr'><strong>Danubium.</strong></span> 
     </span>
    </p>
   </div>
   <div class='ocr_carea' id='block_1_8' title="bbox 249 3171 1312 3246">
    <p class='ocr_par' dir='ltr' id='par_1_11' title="bbox 249 3171 1312 3246">
     <span class='ocr_line' id='line_1_25' title="bbox 249 3171 1312 3246; baseline -0.005 -1"><span class='ocrx_word' id='word_1_184' title='bbox 249 3178 339 3246; x_wconf 84' lang='lat' dir='ltr'><strong>Gold.</strong></span> <span class='ocrx_word' id='word_1_185' title='bbox 363 3179 384 3244; x_wconf 91' lang='lat' dir='ltr'><strong>l.</strong></span> <span class='ocrx_word' id='word_1_186' title='bbox 409 3177 425 3244; x_wconf 94' lang='grc' dir='ltr'>Ι</span> <span class='ocrx_word' id='word_1_187' title='bbox 446 3201 473 3244; x_wconf 90' lang='lat' dir='ltr'><strong>c.</strong></span> <span class='ocrx_word' id='word_1_188' title='bbox 498 3181 539 3242; x_wconf 88' lang='lat'><strong>10</strong></span> <span class='ocrx_word' id='word_1_189' title='bbox 562 3177 801 3242; x_wconf 89' lang='lat' dir='ltr'><strong>circumlocutio</strong></span> <span class='ocrx_word' id='word_1_190' title='bbox 834 3171 956 3240; x_wconf 79' lang='lat' dir='ltr'><strong>Sucviae</strong></span> <span class='ocrx_word' id='word_1_191' title='bbox 987 3199 1010 3242; x_wconf 88' lang='lat' dir='ltr'><strong>s.</strong></span> <span class='ocrx_word' id='word_1_192' title='bbox 1047 3176 1087 3239; x_wconf 82' lang='lat'><strong>75</strong></span> <span class='ocrx_word' id='word_1_193' title='bbox 1117 3198 1142 3239; x_wconf 85' lang='lat' dir='ltr'><strong>z.</strong></span> <span class='ocrx_word' id='word_1_194' title='bbox 1178 3176 1197 3240; x_wconf 91' lang='lat'>8</span> <span class='ocrx_word' id='word_1_195' title='bbox 1229 3199 1256 3240; x_wconf 90' lang='lat' dir='ltr'><strong>v.</strong></span> <span class='ocrx_word' id='word_1_196' title='bbox 1281 3199 1312 3240; x_wconf 91' lang='lat' dir='ltr'><strong>u.</strong></span> 
     </span>
    </p>
   </div>
   <div class='ocr_carea' id='block_1_9' title="bbox 159 3283 1053 3469">
    <p class='ocr_par' dir='ltr' id='par_1_12' title="bbox 159 3283 1053 3469">
     <span class='ocr_line' id='line_1_26' title="bbox 159 3283 489 3352; baseline -0.018 0"><span class='ocrx_word' id='word_1_197' title='bbox 159 3283 247 3352; x_wconf 91' lang='lat' dir='ltr'><strong>Ulm.</strong></span> <span class='ocrx_word' id='word_1_198' title='bbox 271 3307 295 3351; x_wconf 86' lang='lat' dir='ltr'><strong>s.</strong></span> <span class='ocrx_word' id='word_1_199' title='bbox 320 3285 362 3348; x_wconf 81' lang='grc'><strong>24</strong></span> <span class='ocrx_word' id='word_1_200' title='bbox 386 3307 411 3348; x_wconf 86' lang='lat' dir='ltr'><strong>z.</strong></span> <span class='ocrx_word' id='word_1_201' title='bbox 438 3284 489 3348; x_wconf 86' lang='lat'><strong>13.</strong></span> 
     </span>
     <span class='ocr_line' id='line_1_27' title="bbox 250 3384 1053 3469; baseline -0.009 -14"><span class='ocrx_word' id='word_1_202' title='bbox 250 3440 257 3455; x_wconf 92' lang='lat'><strong>.</strong></span> <span class='ocrx_word' id='word_1_203' title='bbox 282 3439 289 3455; x_wconf 93' lang='lat'><strong>.</strong></span> <span class='ocrx_word' id='word_1_204' title='bbox 314 3394 347 3454; x_wconf 85' lang='lat' dir='ltr'><strong>et</strong></span> <span class='ocrx_word' id='word_1_205' title='bbox 370 3388 523 3452; x_wconf 85' lang='lat' dir='ltr'><strong>minorem</strong></span> <span class='ocrx_word' id='word_1_206' title='bbox 549 3387 722 3452; x_wconf 87' lang='lat' dir='ltr'><strong>Acronium</strong></span> <span class='ocrx_word' id='word_1_207' title='bbox 746 3408 765 3448; x_wconf 91' lang='lat' dir='ltr'><strong>a</strong></span> <span class='ocrx_word' id='word_1_208' title='bbox 787 3384 885 3450; x_wconf 87' lang='lat' dir='ltr'><strong>fluvio</strong></span> <span class='ocrx_word' id='word_1_209' title='bbox 908 3385 1053 3469; x_wconf 83' lang='lat' dir='ltr'><strong>praelato.</strong></span> 
     </span>
    </p>
   </div>
   <div class='ocr_carea' id='block_1_10' title="bbox 247 3487 1312 3578">
    <p class='ocr_par' dir='ltr' id='par_1_13' title="bbox 247 3487 1312 3578">
     <span class='ocr_line' id='line_1_28' title="bbox 247 3487 1312 3578; baseline -0.006 -18"><span class='ocrx_word' id='word_1_210' title='bbox 247 3494 345 3560; x_wconf 90' lang='lat' dir='ltr'><strong>Porro</strong></span> <span class='ocrx_word' id='word_1_211' title='bbox 355 3493 510 3578; x_wconf 81' lang='lat' dir='ltr'><strong>magister</strong></span> <span class='ocrx_word' id='word_1_212' title='bbox 518 3491 855 3576; x_wconf 85' lang='lat' dir='ltr'><strong>Gotfridusepisoopus</strong></span> <span class='ocrx_word' id='word_1_213' title='bbox 863 3487 1135 3555; x_wconf 81' lang='lat' dir='ltr'><strong>Viterbiensis⁸in</strong></span> <span class='ocrx_word' id='word_1_214' title='bbox 1144 3487 1312 3554; x_wconf 86' lang='lat' dir='ltr'><strong>Pantheon</strong></span> 
     </span>
    </p>
   </div>
   <div class='ocr_carea' id='block_1_11' title="bbox 157 3613 1314 4444">
    <p class='ocr_par' dir='ltr' id='par_1_14' title="bbox 293 3613 742 3640">
     <span class='ocr_line' id='line_1_29' title="bbox 293 3613 742 3640; baseline -0.009 4"><span class='ocrx_word' id='word_1_215' title='bbox 293 3617 296 3624; x_wconf 68' lang='lat'><strong>⁴</strong></span> <span class='ocrx_word' id='word_1_216' title='bbox 730 3613 742 3640; x_wconf 65' lang='grc'>1</span> 
     </span>
    </p>

    <p class='ocr_par' dir='ltr' id='par_1_15' title="bbox 157 3663 1314 4444">
     <span class='ocr_line' id='line_1_30' title="bbox 234 3663 1314 3736; baseline -0.004 -12"><span class='ocrx_word' id='word_1_217' title='bbox 234 3671 247 3724; x_wconf 96' lang='lat'>1</span> <span class='ocrx_word' id='word_1_218' title='bbox 266 3668 399 3726; x_wconf 87' lang='lat' dir='ltr'><strong>Tuitouia</strong></span> <span class='ocrx_word' id='word_1_219' title='bbox 416 3665 604 3724; x_wconf 87' lang='lat' dir='ltr'><strong>Teutschland</strong></span> <span class='ocrx_word' id='word_1_220' title='bbox 624 3665 734 3722; x_wconf 85' lang='lat' dir='ltr'><strong>dicitur.</strong></span> <span class='ocrx_word' id='word_1_221' title='bbox 771 3663 871 3720; x_wconf 88' lang='lat' dir='ltr'><strong>Scbad.</strong></span> <span class='ocrx_word' id='word_1_222' title='bbox 892 3664 949 3718; x_wconf 90' lang='lat' dir='ltr'><strong>und</strong></span> <span class='ocrx_word' id='word_1_223' title='bbox 968 3663 1011 3720; x_wconf 88' lang='lat' dir='ltr'><strong>Kl.</strong></span> <span class='ocrx_word' id='word_1_224' title='bbox 1074 3665 1091 3720; x_wconf 90' lang='grc'><strong>2</strong></span> <span class='ocrx_word' id='word_1_225' title='bbox 1110 3665 1177 3720; x_wconf 86' lang='lat' dir='ltr'><strong>Hier</strong></span> <span class='ocrx_word' id='word_1_226' title='bbox 1195 3664 1314 3736; x_wconf 76' lang='lat' dir='ltr'><strong>beginnt</strong></span> 
     </span>
     <span class='ocr_line' id='line_1_31' title="bbox 160 3751 1313 3823; baseline -0.006 -7"><span class='ocrx_word' id='word_1_227' title='bbox 160 3758 242 3816; x_wconf 86' lang='lat' dir='ltr'><strong>Gold.</strong></span> <span class='ocrx_word' id='word_1_228' title='bbox 261 3761 348 3814; x_wconf 81' lang='lat' dir='ltr'><strong>etwas</strong></span> <span class='ocrx_word' id='word_1_229' title='bbox 367 3755 481 3812; x_wconf 79' lang='lat' dir='ltr'><strong>andere:</strong></span> <span class='ocrx_word' id='word_1_230' title='bbox 509 3755 566 3810; x_wconf 80' lang='lat' dir='ltr'><strong>Alii</strong></span> <span class='ocrx_word' id='word_1_231' title='bbox 594 3755 623 3810; x_wconf 89' lang='lat' dir='ltr'><strong>in</strong></span> <span class='ocrx_word' id='word_1_232' title='bbox 642 3755 694 3811; x_wconf 93' lang='lat' dir='ltr'><strong>hoc</strong></span> <span class='ocrx_word' id='word_1_233' title='bbox 712 3753 824 3811; x_wconf 88' lang='lat' dir='ltr'><strong>nomine</strong></span> <span class='ocrx_word' id='word_1_234' title='bbox 843 3770 897 3809; x_wconf 92' lang='lat' dir='ltr'><strong>non</strong></span> <span class='ocrx_word' id='word_1_235' title='bbox 916 3755 1026 3823; x_wconf 86' lang='lat' dir='ltr'><strong>ponunt</strong></span> <span class='ocrx_word' id='word_1_236' title='bbox 1045 3771 1062 3806; x_wconf 93' lang='lat' dir='ltr'><strong>u</strong></span> <span class='ocrx_word' id='word_1_237' title='bbox 1081 3751 1130 3808; x_wconf 83' lang='lat' dir='ltr'><strong>sed</strong></span> <span class='ocrx_word' id='word_1_238' title='bbox 1145 3771 1170 3818; x_wconf 90' lang='lat' dir='ltr'><strong>o,</strong></span> <span class='ocrx_word' id='word_1_239' title='bbox 1189 3753 1313 3810; x_wconf 85' lang='lat' dir='ltr'><strong>dicantes</strong></span> 
     </span>
     <span class='ocr_line' id='line_1_32' title="bbox 160 3839 1313 3911; baseline -0.006 -10"><span class='ocrx_word' id='word_1_240' title='bbox 160 3846 325 3911; x_wconf 84' lang='lat' dir='ltr'><strong>Theotcnia,</strong></span> <span class='ocrx_word' id='word_1_241' title='bbox 343 3845 420 3900; x_wconf 85' lang='lat' dir='ltr'><strong>cuius</strong></span> <span class='ocrx_word' id='word_1_242' title='bbox 439 3843 559 3900; x_wconf 84' lang='lat' dir='ltr'><strong>nominis</strong></span> <span class='ocrx_word' id='word_1_243' title='bbox 577 3846 629 3898; x_wconf 90' lang='lat' dir='ltr'><strong>etc.</strong></span> <span class='ocrx_word' id='word_1_244' title='bbox 700 3843 718 3898; x_wconf 83' lang='lat'><strong>3</strong></span> <span class='ocrx_word' id='word_1_245' title='bbox 736 3839 896 3898; x_wconf 83' lang='lat' dir='ltr'><strong>Theutonio</strong></span> <span class='ocrx_word' id='word_1_246' title='bbox 914 3839 966 3896; x_wconf 86' lang='lat' dir='ltr'><strong>hat</strong></span> <span class='ocrx_word' id='word_1_247' title='bbox 975 3840 1047 3906; x_wconf 79' lang='lat' dir='ltr'><strong>Sch..</strong></span> <span class='ocrx_word' id='word_1_248' title='bbox 1066 3839 1193 3896; x_wconf 82' lang='lat' dir='ltr'><strong>offenbar</strong></span> <span class='ocrx_word' id='word_1_249' title='bbox 1212 3840 1313 3896; x_wconf 86' lang='lat' dir='ltr'><strong>lehler-</strong></span> 
     </span>
     <span class='ocr_line' id='line_1_33' title="bbox 157 3929 1312 4003; baseline -0.007 -13"><span class='ocrx_word' id='word_1_250' title='bbox 157 3935 230 4000; x_wconf 83' lang='lat' dir='ltr'><strong>halt,</strong></span> <span class='ocrx_word' id='word_1_251' title='bbox 250 3935 289 3988; x_wconf 89' lang='lat' dir='ltr'><strong>im</strong></span> <span class='ocrx_word' id='word_1_252' title='bbox 307 3933 495 4003; x_wconf 82' lang='lat' dir='ltr'><strong>widersprnch</strong></span> <span class='ocrx_word' id='word_1_253' title='bbox 514 3931 567 3986; x_wconf 90' lang='lat' dir='ltr'><strong>mit</strong></span> <span class='ocrx_word' id='word_1_254' title='bbox 586 3931 650 3988; x_wconf 86' lang='lat' dir='ltr'><strong>dam</strong></span> <span class='ocrx_word' id='word_1_255' title='bbox 669 3929 828 4001; x_wconf 80' lang='lat' dir='ltr'><strong>folgenden.</strong></span> <span class='ocrx_word' id='word_1_256' title='bbox 893 3931 910 3983; x_wconf 79' lang='lat'>4</span> <span class='ocrx_word' id='word_1_257' title='bbox 930 3932 983 3984; x_wconf 82' lang='lat' dir='ltr'><strong>Am</strong></span> <span class='ocrx_word' id='word_1_258' title='bbox 1003 3929 1109 3984; x_wconf 83' lang='lat' dir='ltr'><strong>achluas</strong></span> <span class='ocrx_word' id='word_1_259' title='bbox 1128 3931 1175 3984; x_wconf 81' lang='lat' dir='ltr'><strong>dea</strong></span> <span class='ocrx_word' id='word_1_260' title='bbox 1189 3929 1312 3999; x_wconf 80' lang='lat' dir='ltr'><strong>kapitels</strong></span> 
     </span>
     <span class='ocr_line' id='line_1_34' title="bbox 157 4016 1312 4086; baseline -0.008 -8"><span class='ocrx_word' id='word_1_261' title='bbox 157 4025 210 4078; x_wconf 86' lang='lat' dir='ltr'><strong>bat</strong></span> <span class='ocrx_word' id='word_1_262' title='bbox 227 4023 320 4078; x_wconf 84' lang='lat' dir='ltr'><strong>aueret</strong></span> <span class='ocrx_word' id='word_1_263' title='bbox 333 4019 432 4076; x_wconf 80' lang='lat' dir='ltr'><strong>Schad.</strong></span> <span class='ocrx_word' id='word_1_264' title='bbox 450 4021 507 4076; x_wconf 90' lang='lat' dir='ltr'><strong>und</strong></span> <span class='ocrx_word' id='word_1_265' title='bbox 526 4021 578 4086; x_wconf 84' lang='lat' dir='ltr'><strong>Kl.,</strong></span> <span class='ocrx_word' id='word_1_266' title='bbox 597 4019 677 4076; x_wconf 89' lang='lat' dir='ltr'><strong>nicht</strong></span> <span class='ocrx_word' id='word_1_267' title='bbox 695 4019 769 4076; x_wconf 87' lang='lat' dir='ltr'><strong>Mon.</strong></span> <span class='ocrx_word' id='word_1_268' title='bbox 789 4019 831 4084; x_wconf 84' lang='lat'><strong>2.,</strong></span> <span class='ocrx_word' id='word_1_269' title='bbox 851 4017 922 4074; x_wconf 87' lang='lat' dir='ltr'><strong>noch</strong></span> <span class='ocrx_word' id='word_1_270' title='bbox 941 4018 991 4072; x_wconf 85' lang='lat' dir='ltr'><strong>das</strong></span> <span class='ocrx_word' id='word_1_271' title='bbox 1011 4016 1155 4086; x_wconf 76' lang='lat' dir='ltr'><strong>fulgenda,</strong></span> <span class='ocrx_word' id='word_1_272' title='bbox 1175 4033 1230 4072; x_wconf 84' lang='lat' dir='ltr'><strong>ron</strong></span> <span class='ocrx_word' id='word_1_273' title='bbox 1249 4016 1312 4072; x_wconf 90' lang='lat' dir='ltr'><strong>Non</strong></span> 
     </span>
     <span class='ocr_line' id='line_1_35' title="bbox 157 4103 1313 4173; baseline -0.009 -5"><span class='ocrx_word' id='word_1_274' title='bbox 157 4112 248 4168; x_wconf 83' lang='lat' dir='ltr'><strong>solum</strong></span> <span class='ocrx_word' id='word_1_275' title='bbox 268 4109 310 4164; x_wconf 81' lang='lat' dir='ltr'><strong>bis</strong></span> <span class='ocrx_word' id='word_1_276' title='bbox 329 4113 412 4166; x_wconf 72' lang='lat' dir='ltr'><strong>terrm</strong></span> <span class='ocrx_word' id='word_1_277' title='bbox 430 4109 576 4165; x_wconf 80' lang='lat' dir='ltr'><strong>fructibus.</strong></span> <span class='ocrx_word' id='word_1_278' title='bbox 648 4111 664 4164; x_wconf 90' lang='grc'><strong>5</strong></span> <span class='ocrx_word' id='word_1_279' title='bbox 684 4106 740 4161; x_wconf 82' lang='lat' dir='ltr'><strong>Das</strong></span> <span class='ocrx_word' id='word_1_280' title='bbox 759 4124 816 4160; x_wconf 93' lang='lat' dir='ltr'><strong>nun</strong></span> <span class='ocrx_word' id='word_1_281' title='bbox 830 4105 969 4173; x_wconf 75' lang='lat' dir='ltr'><strong>fulgenda,</strong></span> <span class='ocrx_word' id='word_1_282' title='bbox 989 4122 1044 4161; x_wconf 89' lang='lat' dir='ltr'><strong>von</strong></span> <span class='ocrx_word' id='word_1_283' title='bbox 1066 4103 1172 4160; x_wconf 88' lang='lat' dir='ltr'><strong>Ultimo</strong></span> <span class='ocrx_word' id='word_1_284' title='bbox 1186 4103 1228 4158; x_wconf 87' lang='lat' dir='ltr'><strong>bia</strong></span> <span class='ocrx_word' id='word_1_285' title='bbox 1242 4103 1313 4158; x_wconf 80' lang='lat' dir='ltr'><strong>Rbe-</strong></span> 
     </span>
     <span class='ocr_line' id='line_1_36' title="bbox 157 4189 1312 4256; baseline -0.01 -1"><span class='ocrx_word' id='word_1_286' title='bbox 157 4217 225 4256; x_wconf 89' lang='lat' dir='ltr'><strong>num</strong></span> <span class='ocrx_word' id='word_1_287' title='bbox 238 4201 268 4254; x_wconf 85' lang='lat' dir='ltr'><strong>et</strong></span> <span class='ocrx_word' id='word_1_288' title='bbox 280 4197 440 4252; x_wconf 86' lang='lat' dir='ltr'><strong>Danubium</strong></span> <span class='ocrx_word' id='word_1_289' title='bbox 453 4197 546 4252; x_wconf 88' lang='lat' dir='ltr'><strong>haben</strong></span> <span class='ocrx_word' id='word_1_290' title='bbox 558 4195 659 4252; x_wconf 81' lang='lat' dir='ltr'><strong>Schad.</strong></span> <span class='ocrx_word' id='word_1_291' title='bbox 679 4195 722 4248; x_wconf 88' lang='lat' dir='ltr'><strong>lll.</strong></span> <span class='ocrx_word' id='word_1_292' title='bbox 743 4194 799 4248; x_wconf 90' lang='lat' dir='ltr'><strong>und</strong></span> <span class='ocrx_word' id='word_1_293' title='bbox 819 4193 893 4250; x_wconf 85' lang='lat' dir='ltr'><strong>Mon.</strong></span> <span class='ocrx_word' id='word_1_294' title='bbox 913 4195 939 4248; x_wconf 85' lang='lat'><strong>2.</strong></span> <span class='ocrx_word' id='word_1_295' title='bbox 984 4195 1000 4248; x_wconf 92' lang='grc'>6</span> <span class='ocrx_word' id='word_1_296' title='bbox 1019 4191 1135 4248; x_wconf 82' lang='lat' dir='ltr'><strong>Carolus</strong></span> <span class='ocrx_word' id='word_1_297' title='bbox 1154 4191 1190 4244; x_wconf 84' lang='lat' dir='ltr'><strong>M.</strong></span> <span class='ocrx_word' id='word_1_298' title='bbox 1204 4189 1312 4256; x_wconf 75' lang='lat' dir='ltr'><strong>echan,</strong></span> 
     </span>
     <span class='ocr_line' id='line_1_37' title="bbox 157 4277 1311 4356; baseline -0.013 -11"><span class='ocrx_word' id='word_1_299' title='bbox 157 4288 275 4344; x_wconf 82' lang='lat' dir='ltr'><strong>Carolus</strong></span> <span class='ocrx_word' id='word_1_300' title='bbox 295 4286 414 4356; x_wconf 82' lang='lat' dir='ltr'><strong>Magnus</strong></span> <span class='ocrx_word' id='word_1_301' title='bbox 433 4285 487 4352; x_wconf 82' lang='lat' dir='ltr'><strong>Kl.,</strong></span> <span class='ocrx_word' id='word_1_302' title='bbox 506 4285 732 4342; x_wconf 85' lang='lat' dir='ltr'><strong>Karolomaunus</strong></span> <span class='ocrx_word' id='word_1_303' title='bbox 752 4283 824 4338; x_wconf 87' lang='lat' dir='ltr'><strong>Mon.</strong></span> <span class='ocrx_word' id='word_1_304' title='bbox 838 4281 863 4336; x_wconf 84' lang='lat'><strong>2.</strong></span> <span class='ocrx_word' id='word_1_305' title='bbox 910 4284 924 4334; x_wconf 86' lang='grc'><strong>7</strong></span> <span class='ocrx_word' id='word_1_306' title='bbox 944 4280 974 4334; x_wconf 87' lang='lat' dir='ltr'><strong>in</strong></span> <span class='ocrx_word' id='word_1_307' title='bbox 993 4297 1044 4335; x_wconf 84' lang='lat' dir='ltr'><strong>sua</strong></span> <span class='ocrx_word' id='word_1_308' title='bbox 1062 4279 1201 4344; x_wconf 86' lang='lat' dir='ltr'><strong>chronica,</strong></span> <span class='ocrx_word' id='word_1_309' title='bbox 1219 4277 1311 4332; x_wconf 87' lang='lat' dir='ltr'><strong>haben</strong></span> 
     </span>
     <span class='ocr_line' id='line_1_38' title="bbox 157 4365 1313 4444; baseline -0.013 -9"><span class='ocrx_word' id='word_1_310' title='bbox 157 4377 222 4434; x_wconf 88' lang='lat' dir='ltr'><strong>Sch.</strong></span> <span class='ocrx_word' id='word_1_311' title='bbox 241 4375 285 4430; x_wconf 88' lang='lat' dir='ltr'><strong>Kl.</strong></span> <span class='ocrx_word' id='word_1_312' title='bbox 306 4374 363 4428; x_wconf 87' lang='lat' dir='ltr'><strong>und</strong></span> <span class='ocrx_word' id='word_1_313' title='bbox 384 4375 456 4430; x_wconf 84' lang='lat' dir='ltr'><strong>tlon.</strong></span> <span class='ocrx_word' id='word_1_314' title='bbox 476 4375 510 4438; x_wconf 83' lang='lat'><strong>2..</strong></span> <span class='ocrx_word' id='word_1_315' title='bbox 524 4375 604 4444; x_wconf 86' lang='lat' dir='ltr'><strong>jener</strong></span> <span class='ocrx_word' id='word_1_316' title='bbox 623 4373 676 4428; x_wconf 86' lang='lat' dir='ltr'><strong>hat</strong></span> <span class='ocrx_word' id='word_1_317' title='bbox 693 4371 815 4428; x_wconf 79' lang='lat' dir='ltr'><strong>darilber</strong></span> <span class='ocrx_word' id='word_1_318' title='bbox 834 4369 900 4424; x_wconf 81' lang='lat' dir='ltr'><strong>auci</strong></span> <span class='ocrx_word' id='word_1_319' title='bbox 920 4370 976 4424; x_wconf 91' lang='lat' dir='ltr'><strong>mal</strong></span> <span class='ocrx_word' id='word_1_320' title='bbox 996 4369 1019 4424; x_wconf 87' lang='lat' dir='ltr'><strong>is</strong></span> <span class='ocrx_word' id='word_1_321' title='bbox 1038 4367 1232 4439; x_wconf 78' lang='lat' dir='ltr'><strong>geacbrieben:</strong></span> <span class='ocrx_word' id='word_1_322' title='bbox 1253 4365 1313 4421; x_wconf 75' lang='lat' dir='ltr'><strong>also</strong></span> 
     </span>
    </p>
   </div>
   <div class='ocr_carea' id='block_1_12' title="bbox 155 4453 1417 4540">
    <p class='ocr_par' dir='ltr' id='par_1_16' title="bbox 155 4453 1417 4540">
     <span class='ocr_line' id='line_1_39' title="bbox 155 4453 1417 4540; baseline -0.013 -20"><span class='ocrx_word' id='word_1_323' title='bbox 155 4467 185 4521; x_wconf 88' lang='lat' dir='ltr'><strong>in</strong></span> <span class='ocrx_word' id='word_1_324' title='bbox 205 4465 262 4520; x_wconf 81' lang='lat' dir='ltr'><strong>suis</strong></span> <span class='ocrx_word' id='word_1_325' title='bbox 280 4463 424 4520; x_wconf 85' lang='lat' dir='ltr'><strong>chronicis.</strong></span> <span class='ocrx_word' id='word_1_326' title='bbox 496 4465 513 4518; x_wconf 91' lang='lat'>8</span> <span class='ocrx_word' id='word_1_327' title='bbox 531 4460 715 4516; x_wconf 78' lang='lat' dir='ltr'><strong>Viterbiensis</strong></span> <span class='ocrx_word' id='word_1_328' title='bbox 735 4460 776 4514; x_wconf 89' lang='lat' dir='ltr'><strong>bis</strong></span> <span class='ocrx_word' id='word_1_329' title='bbox 795 4457 936 4529; x_wconf 83' lang='lat' dir='ltr'><strong>particula</strong></span> <span class='ocrx_word' id='word_1_330' title='bbox 955 4457 992 4512; x_wconf 86' lang='lat' dir='ltr'><strong>Ill</strong></span> <span class='ocrx_word' id='word_1_331' title='bbox 1012 4456 1084 4512; x_wconf 84' lang='lat' dir='ltr'><strong>leblt</strong></span> <span class='ocrx_word' id='word_1_332' title='bbox 1103 4455 1147 4510; x_wconf 90' lang='lat' dir='ltr'><strong>bei</strong></span> <span class='ocrx_word' id='word_1_333' title='bbox 1166 4453 1227 4508; x_wconf 85' lang='lat' dir='ltr'><strong>Sub.</strong></span> <span class='ocrx_word' id='word_1_334' title='bbox 1249 4453 1291 4510; x_wconf 89' lang='lat' dir='ltr'><strong>Kl.</strong></span> <span class='ocrx_word' id='word_1_335' title='bbox 1414 4535 1417 4540; x_wconf 25' lang='grc' dir='ltr'>Ι</span> 
     </span>
    </p>
   </div>
   <div class='ocr_carea' id='block_1_13' title="bbox 1040 4563 1100 4616">
    <p class='ocr_par' dir='ltr' id='par_1_17' title="bbox 1040 4563 1100 4616">
     <span class='ocr_line' id='line_1_40' title="bbox 1040 4563 1100 4616; baseline -0.033 0"><span class='ocrx_word' id='word_1_336' title='bbox 1040 4563 1100 4616; x_wconf 79' lang='grc'><strong>14*</strong></span> 
     </span>
    </p>
   </div>
   <div class='ocr_carea' id='block_1_14' title="bbox 0 0 1534 4936">
    <p class='ocr_par' dir='ltr' id='par_1_18' title="bbox 0 0 1534 4936">
     <span class='ocr_line' id='line_1_41' title="bbox 0 0 1534 4936; baseline 0 1"><span class='ocrx_word' id='word_1_337' title='bbox 0 0 1534 4936; x_wconf 95' lang='lat' dir='ltr'><strong> </strong></span> 
     </span>
    </p>
   </div>
  </div>
 </body>
</html>
