2996 4924
660 365 702 428 33

267 539 310 604 Et
331 537 394 602 fuit
416 533 672 622 benignissimus,
697 535 832 620 simplex
854 541 886 602 et
909 538 1075 619 discretus,

268 643 375 728 Atque
398 641 682 718 mansuetissimus,
705 641 837 724 pudicus
860 646 893 706 et
915 643 1046 708 facetus.

269 747 427 814 Universa
449 747 547 813 verba
568 768 625 811 sua
648 745 840 831 fueruntque
862 749 992 830 sincera,

268 854 441 939 Simplicia,
465 853 649 938 composita,
672 852 767 931 iusta,
790 875 877 931 sana,
902 877 985 919 vera.

204 977 244 1015 aa
271 959 382 1024 Dulcis
403 960 437 1023 in
460 959 595 1043 eloquio,
618 957 756 1041 prudens
779 959 810 1022 in
835 943 978 1025 sermone

267 1060 354 1143 Fuit,
377 1063 466 1128 nulle
489 1063 587 1128 verba
608 1083 666 1127 sua
688 1064 838 1128 carebant
860 1065 993 1130 ratione.

264 1167 339 1233 Non
360 1167 425 1232 fnit
447 1167 647 1253 multiloqua,
671 1191 736 1233 uon
760 1191 851 1247 vana,
874 1191 939 1234 non
962 1170 1109 1250 clamosa,
1148 1237 1150 1246 ,

266 1271 334 1338 Nec
355 1277 423 1338 erat
445 1273 644 1357 stultiloqua,
668 1295 724 1338 nec
747 1273 899 1358 litigiosa,

154 1423 160 1430 -
268 1376 383 1443 Verbis
405 1401 438 1443 se
459 1379 610 1444 iactantia
632 1385 796 1464 nunquam
819 1380 1008 1456 extollebat;
1064 1437 1073 1454 ,

201 1501 240 1538 rw
267 1481 396 1549 Otiosus
418 1485 503 1549 enim
525 1505 628 1548 sermo
650 1507 812 1570 nunquam
837 1481 1026 1570 procedebat

266 1587 316 1652 Ex
340 1610 394 1654 ore
416 1611 483 1668 suc,
507 1589 642 1674 diligens
664 1611 788 1674 semper
810 1591 987 1671 veritatem,

267 1693 398 1759 Nullam
421 1696 513 1760 corde
536 1695 674 1760 retinens
697 1695 756 1760 hec
783 1695 1002 1780 duplicitatem

268 1797 354 1864 Raro
376 1799 584 1885 loquebatur;
609 1801 662 1865 sed
684 1793 858 1884 plurimum
881 1802 1011 1866 amabat

268 1903 446 1985 Silentium,
469 1911 507 1970 ut
529 1906 644 1990 potuit,
667 1909 700 1970 et
721 1905 801 1969 illud
824 1905 1024 1970 observabat.

201 2028 240 2066 ⁷⁸⁵
269 2009 319 2074 Ad
341 2010 607 2096 interrogationes
629 2010 802 2094 prudenter
825 2014 857 2074 et
879 2010 1017 2096 benigue

265 2113 338 2199 Ipsa
359 2137 483 2200 semper
506 2115 726 2201 respondebat,
750 2115 869 2180 nullius
893 2115 957 2180 iam
980 2116 1112 2202 indigue

266 2218 437 2285 Consuevit
459 2221 596 2305 recipere
621 2221 716 2286 verba
738 2220 789 2286 vel
811 2221 930 2285 audire.

266 2323 348 2400 Quia
370 2327 523 2410 patientie
545 2326 608 2390 fuit
630 2328 699 2410 ipsa
720 2326 817 2401 mire;

264 2429 339 2496 Non
361 2431 500 2496 detraxit
522 2431 617 2496 alicui
641 2453 697 2496 nec
720 2432 804 2496 bono
826 2453 884 2496 nec
905 2432 1025 2518 iniquo,

201 2552 240 2590 Μ
266 2534 399 2602 Servans
422 2536 467 2600 sic
489 2541 638 2602 extraneo
661 2535 755 2601 fidem
777 2540 814 2600 ut
837 2535 947 2600 amice.

268 2639 357 2704 Nulli
380 2641 465 2706 facto
488 2641 555 2706 sive
576 2640 662 2706 dicta
684 2641 811 2725 penitus
834 2641 976 2720 invertit,

266 2743 484 2831 Universaque
506 2746 626 2810 fiebant
648 2747 681 2810 in
705 2745 816 2812 melius
839 2745 1014 2820 convertit3

265 2849 421 2936 Quicquid
445 2853 524 2917 vidit
546 2852 596 2917 vel
619 2853 741 2917 audivit
762 2851 823 2917 hoc
845 2851 1126 2937 interpretabatur,

267 2955 306 3019 ln
328 2957 412 3021 bono
434 2979 557 3042 semper
579 2959 666 3034 fieri;
690 2979 747 3022 nec
769 2957 992 3042 suspicabatur

199 3078 236 3116 aa
262 3060 309 3126 De
333 3084 492 3147 quoquam
515 3064 635 3128 malum
658 3063 803 3148 aliquod;
826 3085 900 3131 nam
923 3061 1096 3148 suspiciosa

265 3165 340 3232 Non
363 3167 426 3232 fuit
448 3168 506 3232 hec
529 3169 737 3247 sanctissima,
760 3189 817 3234 neo
838 3168 1001 3232 iniuriosa.

265 3269 394 3337 Cunctis
418 3272 617 3338 naturalibus
640 3273 731 3338 donis
753 3277 916 3352 exornata,

265 3377 309 3440 nt
331 3377 552 3461 spiritualibus
575 3371 637 3444 fuit
659 3380 822 3461 decorata3

265 3479 309 3545 Et
330 3481 473 3548 honestis
496 3484 637 3549 moribus
659 3483 723 3548 fuit
749 3487 917 3548 venustata

204 3595 243 3638 ⁸⁰⁰
267 3583 452 3672 Sanetisque
474 3587 636 3653 laboribus
658 3610 782 3672 semper
803 3588 965 3654 inclinata.

187 3895 287 3982 Quod
314 3900 436 3975 Maria
463 3903 569 4000 virgo
596 3906 787 3980 rarissime
815 3907 1010 3980 consuevit
1036 3905 1169 3978 ridere.

264 4107 370 4176 Maria
392 4133 466 4178 vero
489 4115 652 4179 consuevit
674 4114 833 4180 rarissime
858 4115 969 4195 ridere,

265 4213 325 4282 Sed
346 4217 517 4284 cachinnos
540 4241 603 4284 nou
626 4219 749 4285 solebat
772 4243 911 4305 uuquam
933 4219 991 4284 heo
1013 4241 1148 4284 movere.

673 4359 691 4397 ²⁸

183 4436 273 4492 '1890
293 4443 418 4498 retraxit

156 4539 214 4582 vlu
227 4539 299 4586 lm·
1023 4531 1041 4586 3
