3034 4922
808 357 872 428 260

303 565 306 572 ’
424 538 515 617 Quod
536 537 698 605 hominem
720 537 886 604 redimeret
907 559 964 622 per
986 557 1077 601 suem
1099 535 1287 620 passionem„

424 645 494 711 Hoc
516 645 633 730 quippe
653 646 758 708 totum
780 641 900 708 fectum
923 645 971 707 est
992 639 1033 706 ob
1056 639 1269 726 dilectionem,

423 749 504 828 Quin
527 771 627 836 genus
649 749 815 815 hominum
837 751 962 814 tentum
984 747 1132 828 dilexisti,

423 857 513 934 Quod
535 860 627 922 tuum
649 854 849 942 unigenitum
872 855 943 939 plus
965 853 1047 919 mori
1070 854 1208 936 voluisti,

345 982 396 1020 eveo
423 961 525 1039 Quam
548 961 633 1048 quod
655 982 756 1047 genus
777 959 943 1026 hominum
966 981 1031 1026 non
1053 960 1268 1042 redimeretur,

424 1069 469 1135 nt
490 1074 547 1135 tus
567 1089 686 1155 magne
707 1067 823 1133 ceritas
845 1089 909 1132 non
931 1066 1160 1132 extenderetur.

422 1175 511 1261 Ergo
534 1175 627 1241 decus
649 1173 809 1260 virginum
832 1176 865 1238 et
885 1171 991 1258 glorie
1011 1171 1159 1252 celorum,

423 1280 500 1368 Spes
523 1285 556 1346 et
577 1279 766 1345 desiderium
788 1282 820 1344 et
841 1299 931 1342 emor
952 1278 1148 1363 angelorum,

423 1386 543 1452 Merces
566 1389 661 1470 etque
682 1383 838 1469 premium
860 1385 892 1447 et
914 1383 1067 1468 goudium
1089 1387 1281 1464 sanctorum,

246 1507 249 1518 ·
283 1571 286 1577 Ι
346 1511 398 1550 no
424 1489 517 1557 Salus
539 1494 572 1556 et
593 1489 742 1554 solatium
764 1490 950 1552 cunctorum
973 1488 1148 1568 beatorum,

423 1597 476 1662 Ad
497 1600 589 1661 tuum
611 1594 812 1679 unigenitum
833 1597 978 1658 nostrum
1000 1598 1182 1675 creetorem,

422 1701 529 1788 Atque
551 1699 601 1765 dci
623 1698 724 1763 filium
746 1697 856 1762 mnndi
879 1698 1108 1782 redemptorem

423 1805 524 1894 Perge
546 1791 687 1892 gaudens
708 1807 741 1869 et
763 1803 909 1868 enultnns
932 1805 972 1869 ed
993 1803 1133 1870 fructum
1155 1805 1275 1870 ventris
1298 1807 1357 1886 tui,

423 1910 542 1993 Jcsum,
565 1915 710 1976 nostrum
732 1909 905 1990 dominnm,
927 1915 965 1974 ut
986 1931 1057 1975 cum
1080 1933 1117 1975 eo
1140 1909 1205 1976 frui

347 2037 399 2075 nro
426 2015 531 2081 Possis
554 2013 735 2100 eosgloria
757 2035 877 2098 susque
899 2013 1028 2094 visione,

424 2122 468 2187 Et
490 2121 589 2186 totins
611 2119 766 2184 trinitetis
788 2119 1093 2204 contemplationem

290 2363 411 2436 Maria
437 2361 639 2454 suscipitur
665 2359 713 2432 ab
742 2357 939 2431 animabus
961 2358 1129 2431 omnium
1158 2364 1393 2434 sanctorum.

423 2543 646 2609 Convenerunt
668 2541 764 2604 etism
788 2539 891 2606 anime
912 2541 1014 2620 beate,

423 2647 460 2713 In
484 2648 550 2712 celo
573 2669 634 2731 que
657 2651 733 2709 tunc
755 2645 882 2710 fuerent
903 2665 974 2708 cum
997 2645 1120 2730 angelis
1142 2647 1242 2712 berte.

424 2753 468 2818 Et
490 2751 624 2816 Marium
647 2755 851 2834 susceperunt
873 2749 1006 2814 nimium
1028 2751 1212 2835 gaudentes,

345 2877 397 2916 tuo
424 2857 513 2934 Quod
536 2857 618 2920 hunc
639 2856 744 2920 videre
766 2859 949 2919 meruerunt
971 2876 1041 2918 cum
1064 2854 1164 2920 iubilo
1187 2857 1348 2925 dicentes:

425 2960 471 3025 »Ο
494 2951 718 3040 desiderabilis,
742 2960 833 3024 nobis
854 2960 1020 3040 advenisti,

422 3066 524 3143 Quem
542 3065 663 3130 dudum
685 3063 948 3148 exspectavimus3
972 3087 1029 3129 nos
1052 3066 1137 3130 enim
1160 3067 1322 3132 redemisti

420 3170 472 3236 Ex
493 3170 609 3234 inferni
632 3170 770 3234 tenebris
792 3173 825 3235 et
847 3169 988 3234 demonis
1011 3171 1051 3234 ab
1074 3193 1137 3251 ore,

421 3275 553 3340 Necnon
571 3279 596 3338 ‘a
617 3275 779 3359 suppliciis
802 3278 835 3339 et
856 3273 967 3340 mortis
990 3273 1031 3339 ub
1053 3274 1193 3342 horrore.
1241 3263 1243 3268 ⁸

344 3400 396 3438 vrso
422 3380 511 3465 Ergo
534 3380 594 3444 tibi
616 3380 746 3465 gratiss,
768 3379 893 3444 leudem
915 3385 947 3445 et
969 3380 1121 3446 honorem

422 3485 601 3550 Referimus
623 3488 656 3550 ct
677 3485 824 3569 glorium,
846 3486 997 3550 virtutem
1019 3491 1052 3551 et
1073 3487 1246 3554 decorem«

422 3589 534 3676 Sisque
556 3592 657 3656 sancti
679 3590 800 3676 singuli
822 3591 964 3676 singulus
987 3597 1152 3658 coutentes

422 3695 523 3761 Meris
545 3695 653 3761 laudes
675 3696 860 3776 edorsbent,
883 3717 952 3761 cem
975 3703 1169 3764 venerantes.

266 3931 370 4017 Quod
386 3933 508 4007 sancti
522 3934 763 4028 singulariter
781 3937 1025 4030 susceperunt
1038 3933 1198 4008 Mariam
1211 3935 1414 4029 virginem.

420 4115 523 4181 Adam
546 4137 621 4182 vero
643 4118 855 4203 protoplastes
878 4117 1014 4182 Marium
1036 4139 1107 4182 cum
1132 4117 1268 4196 videbat,

343 4237 394 4276 πω
419 4219 577 4286 Exultsns
595 4223 627 4286 in
650 4221 764 4303 letitie,
787 4243 859 4288 cum
882 4223 999 4308 gaudio
1022 4223 1166 4288 dicebat:

828 4367 846 4407 s

336 4445 404 4507 7757
423 4445 447 4500 G
465 4447 545 4502 tuem
563 4449 640 4504 etstt
658 4451 758 4506 totum.
