3014 4926
657 321 718 393 101·

271 497 406 588 >Homo
429 499 489 564 tibi
511 499 592 580 dico,
615 521 720 587 surge,
743 524 868 568 rursum
891 503 1050 584 revivisce,

267 599 445 683 laetitiam,
468 605 670 690 prudentiam
692 610 725 672 et
746 607 914 674 veritatem
937 609 1037 685 disee3

268 705 442 794 Nunquam
464 713 502 774 tu
523 709 671 776 malivole
693 712 863 778 contristes
886 713 1080 792 innocentes,

182 831 241 870 Νι
270 813 338 879 Nec
359 815 457 898 impie
478 817 514 879 tu
536 814 654 881 iudices
678 815 949 884 benefacientes&

267 917 442 1004 Postquam
464 924 570 986 autern
591 919 684 986 Jesus
707 943 785 1006 puer
806 922 863 986 illa
884 923 982 990 verba
1004 924 1095 1004 dixit,

266 1023 343 1090 Mox
366 1031 527 1112 resumpto
549 1027 665 1112 spin‘tu
687 1032 848 1094 mortuum
869 1029 994 1094 revixit.

266 1127 375 1215 Atque
395 1131 563 1198 manifeste
585 1155 675 1198 suam
698 1134 825 1218 culpam
847 1139 896 1200 est
917 1133 1091 1214 confessus,
1148 1137 1151 1142 ’

268 1234 446 1324 Dicensque
467 1238 551 1324 quod
573 1239 693 1304 malum
715 1239 776 1305 hoc
798 1239 895 1326 digne
916 1241 959 1306 sit
980 1262 1156 1325 perpessus.

295 1554 350 1628 De
376 1558 528 1629 mortuo
553 1578 663 1651 quem
692 1557 893 1632 suscitavit
919 1557 1071 1653 Joseph.

183 1783 240 1822 ³³⁹⁰
267 1765 402 1844 Quidam
423 1766 520 1832 homo
543 1767 660 1833 nobilis
683 1790 718 1834 ac
739 1769 952 1854 locupletatus

266 1870 444 1938 Habitabat
466 1870 637 1952 Nazareth,
661 1871 781 1959 Joseph
804 1873 992 1958 appellatus.

268 1975 331 2042 Hic
352 1976 454 2043 Mario
475 1999 591 2062 sponso
613 1976 733 2063 Joseph
755 1979 936 2063 impendere
958 1978 1081 2044 solebat

268 2081 374 2149 Multo
396 2081 558 2163 beneficia,
581 2081 753 2169 Jasnmque
775 2083 940 2170 diligebat.

265 2185 401 2268 Accidit,
424 2193 462 2254 ut
483 2189 567 2254 idem
588 2188 685 2255 homo
706 2189 809 2255 bonus
832 2193 1018 2268 moreretur,

185 2313 241 2352 me
268 2293 314 2359 Et
334 2295 424 2360 dolor
445 2295 518 2360 inde
542 2295 698 2360 maximus
721 2293 843 2380 Joseph
865 2298 1055 2360 nasceretur.

265 2397 344 2465 Cum
367 2399 529 2466 alumnum
554 2422 647 2466 snum
670 2400 755 2466 videt
777 2398 870 2466 Jesus
893 2400 1129 2479 conturbatum,

266 2503 315 2570 Ac
336 2505 375 2570 dc
396 2510 499 2571 morte
521 2505 595 2571 talis
617 2506 678 2570 viri
700 2506 795 2571 nimis
817 2505 1051 2584 contristatum,

264 2609 341 2676 Ait:
367 2609 413 2676 »Ο
435 2612 480 2676 mi
502 2633 574 2677 care
596 2615 696 2696 pater,
719 2633 775 2678 cur
797 2614 925 2676 tantum
946 2609 1154 2689 contristaris,

265 2715 310 2780 llt
331 2738 428 2802 quare
449 2721 485 2782 tu
508 2715 670 2782 doloribus
692 2717 792 2782 tantis
814 2715 1021 2781 tribularisie

184 2839 239 2884 uuo
266 2819 386 2906 Joseph
409 2822 472 2888 ait:
505 2819 618 2887 »omi
640 2821 698 2902 fili,
721 2821 835 2886 merito
857 2819 1026 2885 dolendum

265 2925 326 2992 Est
347 2927 386 2992 de
408 2930 510 2992 morte
530 2925 605 2991 talis
628 2925 699 3006 viri,
722 2925 865 3010 mihique
888 2925 1095 3010 gemendum

264 3029 350 3097 Nam
372 3031 475 3097 multa
496 3030 648 3097 beneficia
670 3031 774 3114 sepius
796 3030 952 3116 impendit

268 3135 369 3202 Nobis
391 3141 488 3221 atque
510 3137 676 3202 caritatem
698 3137 869 3201 maximam
892 3136 1040 3216 ostendit,

265 3241 373 3326 Atque
394 3245 484 3306 tuam
507 3240 629 3306 dulcem
651 3245 788 3306 matrem
810 3241 947 3306 multum
970 3241 1149 3322 honordvit,

186 3363 239 3403 Μ
266 3345 311 3412 Et
332 3350 373 3426 te,
396 3369 476 3431 puer
497 3347 703 3426 sanctissime,
726 3345 867 3432 plurium
889 3345 1038 3410 amavit«

267 3449 321 3517 »si
344 3453 392 3517 vis
414 3471 524 3537 ergo«,
547 3449 640 3517 Jesus
663 3452 719 3531 ait,
745 3473 783 3516 »a
803 3455 906 3516 morte
928 3449 1081 3515 suscitare

264 3554 373 3642 Ipsum
394 3561 427 3624 ot
449 3557 488 3622 ad
511 3556 680 3641 pristinam
702 3555 801 3621 vitam
824 3557 1014 3622 revocarelae

265 3660 385 3747 Joeeph
408 3663 472 3728 ait:
498 3661 544 3728 »0
565 3663 611 3727 mi
633 3661 691 3742 fili,
715 3663 787 3748 quis
809 3683 893 3726 nunc
915 3664 1022 3747 poscet
1044 3681 1115 3725 eum

266 3764 425 3832 Suscitare
446 3767 510 3831 iam
533 3765 716 3831 defunctum
739 3769 845 3850 preter
866 3765 970 3830 solum
992 3767 1129 3832 dormi«

189 3889 241 3928 2⁹¹⁰
267 3869 360 3937 Jeens
382 3873 447 3936 ait:
477 3869 569 3936 „Ad
591 3869 732 3936 defuncti
755 3870 977 3955 corpusculum
999 3873 1137 3951 accedas,

267 3975 311 4042 Et
332 3977 523 4042 auctoritate
543 3997 615 4042 mea
635 3997 812 4042 sermonem
833 3976 931 4040 istum
954 3977 1087 4043 edum«

270 4081 368 4148 »Dico
390 4081 451 4148 tibi
472 4085 597 4148 mortue
618 4103 674 4167 per
695 4081 781 4146 hunc
803 4081 858 4166 qui
880 4085 913 4146 te
935 4082 1062 4162 creavit,

267 4185 374 4273 Atque
395 4187 456 4252 tibi
477 4187 625 4272 spiritum
648 4187 777 4252 vitalem
799 4187 979 4271 inspiravit,

266 4290 313 4358 Ac
334 4292 507 4358 immortali
530 4292 637 4358 anima
658 4297 691 4360 te
717 4292 900 4372 vivificavit,

192 4413 243 4454 ⁹¹⁶
267 4396 311 4464 ut
332 4397 472 4467 animam
493 4420 513 4465 a
535 4419 666 4488 corpore
688 4419 773 4464 nunc
795 4399 897 4488 ipsam
920 4396 1089 4486 separarit,
