3014 4926
650 342 712 408 169

265 519 365 598 Quam
387 541 503 586 corona
525 518 634 603 spinea
656 541 719 603 qua
741 517 818 594 fuit,
827 521 900 582 ante
923 519 1023 594 lesus3

184 644 236 682 ⁴⁹⁶⁶
262 623 314 692 Sio
335 647 451 692 eorona
473 624 591 709 duplici
614 622 832 710 stringebatur
855 621 957 688 Jesus.

443 1007 500 1082 De
531 1006 768 1082 crucifixione
800 1007 904 1082 Jesu.

264 1272 384 1338 Deinde
406 1291 529 1338 eruoem
551 1291 646 1355 super
667 1253 793 1335 terram'
808 1269 912 1356 primo
932 1275 1107 1356 posuerunt

263 1376 369 1463 Atque
391 1375 501 1442 Jesum
523 1397 617 1460 super
638 1375 728 1440 illam
749 1379 946 1461 prostratum
967 1381 1149 1462 posuerunt

164 1531 167 1536 -
263 1483 322 1550 Per
344 1505 457 1548 manns
479 1481 546 1547 eius
567 1481 687 1548 ferreos
709 1481 816 1547 elavos
837 1489 1059 1567 percusserunt

261 1589 367 1675 Atque
390 1588 493 1672 pedes,
517 1586 632 1674 quibus
654 1587 801 1659 hunoad
823 1611 947 1656 ornnem
969 1589 1150 1658 affixerunt.

184 1715 237 1754 nro
263 1695 375 1760 Modus
398 1693 482 1760 enim
503 1693 578 1759 talis
600 1695 669 1758 erat
689 1693 768 1759 Jesu
790 1694 944 1778 passionis

263 1799 307 1866 lat
328 1805 490 1884 processus
511 1799 612 1884 ipsius
633 1798 864 1864 crucifixionis:

264 1903 366 1990 Super
387 1907 506 1970 terram
527 1903 651 1990 lignum
674 1905 775 1970 oruois
797 1927 869 1970 oum
891 1905 1110 1992 deposuissent

263 2009 308 2076 Et
329 2009 483 2075 nudatum
505 2008 628 2076 dulcem
650 2007 761 2075 desum
782 2010 915 2096 desuper
937 2010 1133 2090 stravissent,

263 2113 411 2180 Manibus
434 2113 619 2199 etpedibus
642 2114 746 2199 ipsum
769 2115 981 2181 extendebant

188 2239 239 2280 eus
265 2219 317 2286 Ad
338 2219 416 2285 fines
439 2219 550 2300 erneis,
576 2223 609 2285 et
630 2241 702 2285 eum
724 2223 791 2285 tam
814 2220 918 2286 valide
940 2219 1120 2302 trahebant,

264 2323 354 2401 Quod
375 2325 521 2390 innotare
542 2323 683 2410 eorporis
704 2347 739 2390 se
760 2329 872 2391 cuncte
893 2325 1103 2406 resolvebant,

263 2427 361 2510 Vene,
384 2429 483 2508 nervi,
507 2429 589 2494 siout
610 2429 706 2494 eorda
727 2433 879 2516 tensaque
901 2430 1059 2517 rigebant.

263 2533 370 2600 Primo
393 2555 522 2599 manum
545 2533 708 2600 sinistram
730 2537 814 2601 ornei
836 2536 1044 2617 confixerunt,

265 2639 384 2706 Deinde
406 2661 536 2704 manum
559 2639 719 2705 dexteram
742 2641 782 2706 ad
805 2641 901 2706 aliam
922 2645 1097 2708 traxerunt.

188 2763 240 2804 reso
266 2743 393 2811 Partem
415 2745 516 2810 musis
538 2749 571 2810 et
594 2766 663 2810 eam
685 2744 731 2810 ibi
753 2745 843 2812 olavo
865 2745 1063 2831 perforantes
1156 2785 1159 2791 ι

269 2849 451 2916 Affixeruut
473 2849 595 2916 duloem
618 2848 727 2916 Jesum
750 2843 796 2917 si'o
817 2851 1066 2931 martirizantes3

265 2954 371 3042 Atque
393 2953 486 3040 pedes
509 2955 655 3021 deorsum
676 2959 845 3022 traxerunt
867 2958 1070 3023 extendentes

266 3057 344 3126 Illos
364 3059 462 3125 slavis
484 3055 555 3125 oum
578 3060 700 3125 duobus
725 3060 857 3147 affigere
880 3063 1037 3142 volentes;

268 3164 327 3232 Sed
349 3164 443 3232 Jesns
465 3187 550 3252 genn
573 3187 644 3232 oum
667 3187 751 3253 genu
773 3165 903 3252 tegebat
925 3169 1111 3234 oooultando

190 3289 242 3330 ens
267 3269 454 3348 Humanam,
473 3271 703 3352 verecundiam,
726 3293 797 3338 oum
820 3294 911 3339 orare
933 3295 1004 3339 onis
1029 3273 1169 3354 velando,

266 3375 348 3453 Quia
368 3376 472 3441 nudus
494 3378 581 3440 totns
604 3380 673 3442 erat
694 3381 727 3442 et
748 3379 873 3444 nullum
896 3379 1119 3446 vestimentum

265 3478 303 3546 ln
325 3501 362 3546 eo
384 3479 569 3546 dimiserant
590 3503 692 3568 neque
713 3487 943 3570 tegumentum.

266 3583 381 3652 Pedem
402 3607 478 3673 ergo
500 3608 595 3672 snper
617 3589 727 3674 ped·
749 3589 888 3673 positum
910 3589 1040 3654 tenebat

265 3689 309 3757 Et
330 3691 385 3770 sio,
408 3691 492 3777 qnod
515 3693 686 3758 verendum
707 3693 771 3758 fuit
792 3694 942 3778 eorporis,
965 3693 1104 3779 tegebat.

190 3815 241 3854 *Μ
267 3795 327 3864 sed
349 3797 442 3882 pedes
466 3795 672 3884 sinfflrlariter
694 3796 815 3863 duobus
839 3799 1007 3864 voluerunt

207 3967 212 3977 ,
267 3899 371 3968 Glavis
393 3901 585 3988 crucifigere,
609 3906 642 3968 et
662 3925 726 3969 non
750 3907 923 3988 potuerunt

267 4005 412 4073 Avellere
434 4007 473 4073 de
495 4007 573 4093 pede
594 4007 722 4094 pedem,
745 4012 813 4074 tam
836 4007 938 4078 valide
959 4009 1098 4090 tenebat,

267 4109 445 4178 Verendum
469 4117 592 4198 partem
614 4112 752 4178 hominis
774 4113 920 4199 detegere
941 4113 1089 4192 nolebat3

269 4216 357 4282 Tnno
381 4217 490 4283 ambos
512 4217 606 4302 pedes
628 4239 692 4284 uno
714 4218 804 4285 olavo
826 4219 910 4284 ornei
933 4217 1115 4298 affixerunt,

193 4339 243 4379 ⁴2⁸⁶
269 4319 345 4389 Jasu
367 4319 487 4389 Christi
511 4323 689 4409 passionem
711 4324 758 4390 ita
778 4324 1024 4412 compleverunt.
