3080 4938
840 375 881 444 ⁷2

287 554 382 620 etiam
398 558 609 640 magnetuum
624 553 801 634 civitatum,
818 553 993 618 admittunt
1008 557 1116 618 temen
1132 575 1184 619 eos
1200 552 1311 619 multis
1326 553 1437 640 dispu-

285 659 461 724 tationibus
485 658 654 743 praemissis
677 659 715 723 de
737 657 906 723 nobilitate
930 662 1077 737 matrum,
1101 679 1172 724 cum
1195 659 1233 724 de
1256 663 1349 743 patre
1371 681 1435 724 non
1523 673 1524 762 l

286 763 328 828 sit
351 763 493 829 dubium.
540 763 574 829 Si
596 785 673 849 ergo
695 763 855 854 zunftales⁸
875 763 907 827 in
923 763 1014 828 illum
1029 768 1266 829 assumerentur
1281 765 1436 842 ordinem,
1523 763 1524 814 l

285 869 415 934 omnino
437 869 649 934 abiicersntur
672 867 794 957 nobiles
810 869 847 935 de
865 869 1102 948 torneamentis,
1125 873 1255 954 propter
1271 891 1335 934 eos.
1381 867 1437 934 In·

285 997 380 1058 super
403 973 560 1059 principes
582 971 702 1038 feoda¹
733 973 809 1038 olim
839 997 902 1039 non
933 980 1154 1039 concesserunt
1176 974 1238 1039 nisi
1260 975 1436 1054 nobilibus

287 1101 393 1143 verum
417 1079 502 1144 enim
532 1077 710 1144 nobilitatis
737 1078 866 1164 signum
896 1083 961 1158 est,
994 1079 1068 1144 dum
1101 1080 1200 1164 aliqui
1230 1080 1270 1144 ab
1302 1081 1437 1165 antiquo

285 1182 422 1248 feodalis
445 1183 529 1249 bona
551 1183 722 1268 possident,
754 1184 898 1268 quemvis
929 1183 994 1249 iem
1025 1189 1155 1269 propter
1185 1184 1319 1249 abusum
1345 1185 1437 1269 quasi

196 1335 200 1342 -
285 1289 375 1354 nulls
397 1287 440 1354 sit
462 1311 668 1374 personarum
690 1289 862 1354 distinctio.
908 1287 987 1354 (lum
1011 1294 1116 1354 autem
1133 1289 1215 1354 cives
1242 1289 1368 1375 antiqui
1385 1290 1437 1354 ul-

285 1415 408 1459 menses
432 1394 522 1479 quasi
545 1415 653 1459 omnes
669 1392 808 1457 habeant
823 1392 960 1457 feodalis
975 1393 1059 1457 bone
1075 1397 1111 1458 ut
1128 1395 1192 1459 reri
1213 1395 1347 1472 nobiles,
1370 1417 1437 1460 non

286 1503 419 1583 possunt
441 1499 585 1564 ordinate
608 1497 771 1562 succedere
793 1497 826 1560 in
849 1497 913 1562 illis
937 1498 1029 1563 bonis
1051 1497 1225 1578 zunfteles‚
1250 1503 1356 1564 stante
1380 1523 1437 1564 an-

287 1605 378 1689 tiquo
400 1605 510 1670 ordine
533 1608 565 1669 et
587 1602 720 1667 iuribus.
766 1599 827 1666 Sed
850 1602 1050 1668 haereditatio
1080 1604 1194 1668 talium
1216 1604 1374 1669 bonorum
1398 1607 1440 1670 ad

286 1709 441 1776 aunftales
464 1709 692 1788 devolveretur,
716 1708 743 1772 si
766 1709 1008 1792 susciperentur.
1053 1707 1186 1774 Nobiles
1207 1707 1304 1774 etiam
1327 1709 1439 1795 sigilla

287 1835 437 1880 succum
461 1813 669 1899 optimatibus
691 1811 858 1876 civitatum
881 1811 997 1878 litteris
1021 1813 1220 1898 appendunt,
1253 1817 1290 1877 ut
1312 1814 1441 1879 ridetur

287 1920 320 1985 in
329 1917 673 2005 antiquisetmodernis
685 1917 811 1997 litteris,
824 1919 908 2002 quod
916 1917 1020 1982 facere
1030 1923 1211 1983 recusarent
1221 1917 1440 1984 cumzunitali

287 2026 446 2089 communi
462 2029 495 2090 et
507 2022 696 2090 mechanico.
743 2021 826 2087 Sunt
841 2029 947 2088 autem
966 2023 1071 2106 plures
1086 2021 1242 2088 zunftales
1261 2023 1438 2089 nobiliores

289 2128 399 2193 multis
422 2127 640 2212 optimatibus.
685 2125 722 2192 In
747 2127 848 2192 diaetis
868 2127 963 2192 etiam
987 2126 1157 2211 optimates
1172 2128 1339 2192 civitatum
1368 2128 1440 2194 loca

288 2234 372 2298 inter
394 2234 516 2298 nobiles
537 2231 666 2310 habent,
691 2254 761 2318 quse
778 2255 842 2297 non
859 2233 1009 2298 darentur
1025 2232 1214 2298 mechanicis
1229 2231 1439 2299 aunftalibus.

373 2337 423 2403 Ex
446 2339 592 2404 omnibus
614 2339 677 2402 iam
701 2337 794 2403 dictis
822 2341 948 2404 constet
975 2338 1066 2422 origo
1089 2337 1205 2402 civium
1229 2338 1438 2423 primatuum,

287 2448 320 2510 et
342 2467 439 2529 quare
461 2443 568 2508 nullus
583 2441 732 2508 zunftalis
748 2443 782 2507 in
798 2465 907 2508 eorum
922 2443 1103 2508 admittitur
1124 2442 1276 2520 ordinem,
1301 2447 1335 2508 et
1350 2445 1437 2528 quod

288 2549 353 2614 veri
376 2549 497 2614 nobiles
527 2569 593 2613 esse
623 2547 885 2632 comprobentur,
917 2549 1000 2634 quod
1033 2570 1071 2612 ex
1102 2546 1152 2611 bis
1182 2551 1280 2631 patet.

377 2653 481 2719 Primo
496 2653 657 2739 quiscum
673 2653 834 2718 nobilibus
849 2653 1006 2718 connubia
1020 2651 1224 2732 contrahunt,
1248 2658 1279 2717 et
1295 2653 1351 2730 ita,
1376 2653 1438 2718 etsi

288 2760 409 2825 nobiles
438 2781 501 2824 non
533 2758 668 2838 luerint,
701 2757 913 2823 nobilitantur
935 2781 973 2824 ex
999 2779 1051 2834 eo;
1085 2757 1168 2842 quod
1200 2762 1249 2823 est
1279 2757 1436 2842 primurn.

373 2864 514 2930 Secundo
535 2863 601 2928 veri
616 2862 737 2927 nobiles
753 2867 837 2942 sunt,
862 2863 937 2948 quia
952 2861 1108 2928 nobilium
1131 2861 1219 2928 sedes
1234 2863 1318 2928 iusto
1340 2864 1440 2929 titulo

287 2971 457 3056 possident.

376 3074 497 3153 Terbe,
525 3073 601 3159 quia
631 3073 825 3158 abantiquo
857 3073 995 3140 feodalis
1019 3075 1101 3140 bona
1131 3097 1150 3140 a
1177 3075 1374 3161 principibus
1407 3079 1442 3140 et
1522 3141 1523 3164 1

287 3179 455 3246 comitibus
477 3182 689 3264 susceperunt.
869 3261 873 3268 ι

374 3285 494 3362 Quarto
510 3285 585 3370 quia
602 3283 723 3348 nobiles
738 3284 779 3347 ab
795 3285 1001 3368 optimatibus
1016 3286 1181 3351 civitatum
1197 3309 1260 3352 non
1277 3286 1442 3351 sustinent

287 3390 422 3456 honores
432 3413 509 3476 quos
518 3391 558 3455 ab
569 3389 640 3454 eliis
649 3387 761 3454 volunt
769 3388 830 3454 sibi
839 3390 991 3470 exhiberi,
1002 3395 1034 3455 et
1042 3396 1162 3476 cogunt
1170 3415 1222 3458 eos
1232 3391 1438 3457 uttibizsndo

287 3499 332 3561 cis
341 3496 522 3580 loquantur,
538 3495 620 3580 quod
633 3493 822 3578 nullopacto
834 3497 1026 3578 paterentur,
1043 3495 1104 3560 nisi
1114 3519 1166 3560 eos
1178 3497 1239 3561 sibi
1251 3495 1387 3582 aequnles
1403 3497 1439 3561 in

287 3601 454 3666 nobilitate
463 3601 592 3676 scirent3
609 3600 668 3664 etsi
680 3600 798 3664 nobilis
810 3599 853 3664 sit
863 3599 1046 3685 generosior
1058 3599 1136 3681 cive,
1148 3601 1251 3666 adhuc
1262 3607 1368 3666 tamen
1385 3601 1437 3665 vi-

287 3707 378 3770 detur
383 3705 467 3790 quod
474 3705 551 3770 civis
558 3704 659 3789 possit
666 3727 746 3784 eum,
756 3705 994 3771 dummodonon
1003 3706 1129 3772 accedat
1136 3711 1345 3791 contemptus,
1358 3705 1440 3770 tibi-

288 3833 367 3889 sare,
378 3811 995 3896 proecipuepropterconsanguinitetem.
1021 3809 1110 3876 Sicut
1124 3816 1156 3876 et
1170 3810 1344 3896 imperator
1359 3810 1441 3877 tibi-

287 3922 338 3982 zat
346 3940 471 4002 papam,
482 3938 553 3981 oum
562 3920 668 3979 tamen
677 3915 720 3980 sit
726 3937 821 4000 super
830 3939 901 3980 eum
910 3915 993 3982 sicut
1002 3916 1050 3980 sol
1057 3939 1151 4001 super
1161 3916 1272 3982 lunam
1284 3917 1335 4000 (ut
1346 3922 1440 4001 petet

286 4022 320 4086 in
343 4045 410 4107 cap.
435 4021 530 4086 solita
552 4021 590 4086 de
611 4021 721 4086 maior.
747 4027 779 4086 et
801 4020 948 4152 obepl.¹;)
976 4025 1008 4085 et
1030 4020 1113 4086 sicut
1135 4043 1248 4087 aurum
1270 4027 1319 4087 est
1341 4045 1439 4106 super

360 4198 372 4250 1
392 4194 474 4250 feoda
492 4195 564 4252 Mon.
584 4197 608 4250 2.
629 4195 670 4250 lll.
708 4194 792 4250 feuda
809 4195 908 4250 Schad.
922 4195 1007 4252 Wibl.
1021 4193 1142 4250 Schmid.
1161 4194 1229 4251 Gor.
1250 4195 1331 4257 Besa..
1351 4195 1437 4252 eben·

286 4301 316 4338 so
335 4283 457 4336 nacbher
474 4282 597 4338 feodalis
616 4283 673 4337 und
692 4282 828 4338 feudalia.
883 4282 947 4338 ein
965 4301 987 4338 c.
1008 4283 1091 4338 solite
1110 4281 1144 4336 de
1156 4281 1239 4338 maio.
1252 4285 1281 4337 et·
1293 4282 1336 4338 ob.
1359 4283 1436 4338 lton.
1521 4329 1522 4348 2

285 4371 314 4423 in
335 4387 357 4424 e.
376 4368 466 4424 solitae
485 4369 520 4424 de
539 4387 592 4423 ma.
611 4374 640 4425 et
659 4371 702 4426 ob.
723 4369 782 4425 Sch.
802 4369 846 4425 Kl.
894 4371 925 4426 in
944 4389 1002 4442 cap.
1023 4371 1115 4427 solite
1135 4370 1170 4425 de
1188 4371 1285 4440 major.
1306 4373 1336 4426 et
1354 4371 1438 4428 obed.

285 4455 371 4511 Wibl.
410 4455 438 4508 in
458 4473 517 4526 cap.
537 4457 653 4522 solicite,
672 4457 706 4511 de
727 4459 823 4527 major.
842 4459 871 4513 et
889 4457 968 4514 obed.
990 4455 1057 4512 Golr.
1080 4457 1152 4512 Bess.
