3080 4938
718 371 759 440 ⁷5

165 549 287 616 divitiae
310 551 467 636 autiquae,
499 573 538 616 ex
560 548 700 636 antiquis
723 551 807 616 enim
838 551 959 617 divitiis
983 553 1097 618 nedum
1126 553 1165 618 ed
1188 553 1312 618 civilem

161 655 332 740 proliciunt
353 657 564 734 nobilitatem,
587 655 642 721 sed
664 656 761 722 etiam
784 656 824 720 ad
846 656 1024 722 virtualem.

249 759 378 826 Decimo
400 761 484 826 cives
505 760 627 826 nobiles
650 765 734 840 sunt,
757 761 786 826 si
808 762 942 827 virtuosi
965 766 1049 844 sunt,
1073 761 1156 828 unde
1179 760 1319 854 senecas

160 866 312 931 nobilitas
335 867 438 931 estin
461 867 567 931 anime
597 865 726 930 habitus
750 866 919 933 virtuosus.
952 867 1035 933 unde
1066 867 1150 932 idem
1173 867 1250 932 dicit
1272 867 1311 932 ad

161 971 345 1036 Lucullum:
375 971 402 1036 si
425 973 461 1036 tu
484 969 532 1034 vie
554 973 587 1034 te
616 970 752 1036 eximere
775 971 873 1057 vulgo
895 976 928 1037 et
950 969 1034 1036 effici
1056 969 1191 1050 nobilis,
1221 971 1311 1038 vivae

161 1077 313 1156 virtuose,
334 1075 472 1140 enimern
489 1075 631 1140 virtuoso
647 1075 758 1140 habitu
774 1075 943 1142 induendo.
990 1076 1082 1142 Hanc
1097 1075 1311 1141 conditionem

162 1179 342 1246 nobilitatis
375 1180 501 1246 facilius
524 1181 743 1266 adipiscuntur
776 1182 859 1248 cives
881 1181 915 1248 iu
944 1183 1127 1248 civitatibus
1150 1182 1314 1266 degentes,

160 1307 256 1372 quam
274 1285 396 1352 nobiles
410 1285 444 1352 in
460 1285 572 1352 cestris
588 1285 770 1365 residentes,
792 1288 868 1372 quia
883 1289 1078 1354 occasionem
1096 1291 1128 1352 et
1143 1285 1310 1352 materiam

159 1390 317 1456 virtutum
331 1389 452 1455 habent
467 1389 583 1475 quibus
598 1393 772 1457 castrenses
789 1396 907 1472 carent,
931 1396 968 1458 ut
983 1396 1062 1478 puta
1079 1392 1188 1456 divina
1203 1390 1311 1456 officia

159 1499 194 1561 et
217 1495 419 1581 quotidianas
440 1493 674 1574 instructiones,
699 1517 778 1580 quas
801 1497 829 1562 si
851 1497 1017 1582 recipiunt,
1042 1497 1165 1562 nobiles
1188 1519 1221 1563 se
1244 1519 1311 1563 esse

160 1602 311 1687 produnt.
359 1599 450 1666 Unde
467 1599 584 1666 Seneca
606 1601 690 1666 libro
706 1601 744 1666 de
766 1601 933 1668 clementia
948 1602 1042 1670 dicit:
1067 1601 1191 1668 enimus
1213 1601 1310 1681 illius,

159 1705 278 1790 quiex
301 1705 463 1772 nobilibus
487 1705 587 1770 traxit
601 1705 768 1792 originem,
790 1705 916 1772 facilius
939 1707 978 1772 cd
1002 1707 1153 1772 virtutem
1175 1705 1310 1770 incline-

160 1815 226 1876 tur.
250 1816 298 1876 est
320 1813 405 1878 enim
427 1811 598 1877 secundum
621 1809 762 1876 Tullium
785 1812 840 1877 illc
862 1812 989 1892 nobilis,
1024 1811 1080 1898 qui
1102 1811 1183 1876 nulli
1206 1811 1310 1895 turpi·

156 1915 264 1980 tudini
296 1917 395 1981 servit
426 1920 458 1982 et
491 1937 585 2001 quem
608 1915 759 1982 nobilitat
792 1939 850 1982 sue
882 1916 1020 1982 maxime
1046 1917 1174 1982 heroica
1197 1917 1309 1996 virtue,

158 2043 224 2106 qus
246 2021 274 2086 si
296 2021 368 2106 quis
391 2041 544 2105 generoso
559 2021 715 2107 sauguine
738 2027 833 2088 natus
855 2023 1002 2102 caruerit,
1026 2022 1229 2088 nobilitatem
1245 2043 1309 2088 non

159 2125 264 2192 nolum
281 2126 395 2212 perdit,
419 2125 473 2192 aed
496 2131 528 2192 et
543 2126 710 2192 infamiam
725 2127 888 2193 contrahit
910 2149 966 2213 per
981 2129 1144 2213 oppositos
1166 2125 1307 2192 habitus.

159 2253 237 2296 nem
259 2232 385 2316 quando
409 2231 618 2298 contrahatur
639 2231 773 2297 iufamia
801 2231 872 2297 vide
894 2231 927 2296 in
949 2232 1075 2296 cronica
1098 2230 1243 2296 Duraudi
1265 2231 1308 2295 ti·

157 2336 230 2402 tulo
257 2338 326 2404 161.

246 2439 421 2508 Undecimo
453 2443 536 2508 cives
559 2446 634 2506 suut
656 2441 778 2508 nobiles
808 2442 883 2507 dum
905 2441 1087 2507 mercantiis
1109 2445 1141 2506 et
1163 2440 1309 2527 negotia·

159 2547 304 2612 tionibus
326 2545 491 2612 lucrativis
513 2570 577 2614 nou
592 2548 754 2627 insistunt,
779 2547 855 2632 quia
871 2545 939 2612 hoec
961 2546 1134 2630 imperator
1148 2544 1309 2612 nobilibus

159 2651 323 2717 interdicit
368 2651 473 2735 (wod.
497 2652 518 2718 l.
543 2653 573 2717 4.
597 2653 648 2718 tit.
672 2653 724 2732 63,
747 2653 781 2735 3]
806 2673 832 2716 c
857 2651 895 2716 de
917 2651 1104 2716 commercio
1132 2654 1165 2714 et
1187 2671 1309 2714 merca·

157 2755 285 2822 toribus
307 2762 331 2822 t.
355 2757 549 2840 nobiliores),
595 2761 628 2822 et
659 2757 733 2822 dum
764 2755 955 2822 mechanicis
978 2755 1101 2820 artibus
1133 2775 1197 2820 non
1219 2755 1308 2820 insu·

157 2860 248 2940 deut,
271 2863 347 2947 quia
368 2862 569 2928 mechanicus
583 2861 700 2928 nobilis
722 2881 790 2928 esse
813 2883 875 2926 nou
899 2864 1014 2945 potest,
1038 2863 1074 2924 ut
1097 2859 1175 2924 dicit
1190 2859 1309 2925 Baldus

158 2965 303 3032 intubi
321 2989 426 3052 sopra.
472 2968 557 3034 Dum
573 2971 679 3032 autem
696 2965 812 3032 nobilis
834 2968 1020 3050 paupertate
1041 2985 1167 3048 pressus
1183 2965 1309 3050 cogitur

157 3073 319 3158 negotiari
355 3074 403 3139 vel
427 3079 529 3139 artem
550 3072 766 3138 mechanicam
788 3091 950 3149 exercere,
985 3091 1058 3134 mox
1093 3068 1210 3134 desinit
1242 3091 1309 3134 esee
1446 3137 1451 3150 ‚

156 3175 276 3242 nobilis
300 3177 454 3258 civiliter,
478 3179 554 3265 quie
576 3177 719 3243 definitio
743 3177 771 3242 ei
794 3197 857 3242 non
881 3175 1029 3241 convenit
1059 3195 1131 3260 quae
1157 3195 1254 3260 supra
1274 3176 1308 3240 in

157 3304 245 3348 nono
268 3284 372 3368 posita
393 3288 457 3361 est3
481 3305 558 3370 ergo
580 3305 637 3348 nec
659 3283 832 3348 definitum.

248 3387 441 3455 Duodecimo
472 3389 554 3454 cives
588 3389 746 3453 ulmenses
778 3387 866 3453 tertii
889 3379 1009 3450 ordinis
1033 3386 1219 3470 probentur
1241 3407 1308 3451 esse

156 3492 282 3558 nobiles
305 3517 343 3560 ex
366 3517 421 3574 eo,
454 3495 537 3580 quod
560 3493 731 3560 secundum
762 3493 928 3578 antiquam
962 3491 1221 3556 consuetudinem
1243 3511 1306 3555 nou

156 3596 291 3684 eligitur
322 3601 355 3665 in
378 3601 599 3686 prefecturam
623 3599 762 3665 civitetis
796 3621 853 3664 uec
884 3598 1109 3683 magistratum
1141 3595 1203 3661 nisi
1226 3619 1308 3662 nnus

157 3725 198 3768 ex
220 3703 293 3769 illis.
339 3706 384 3771 Et
415 3707 560 3791 quamvis
582 3704 732 3770 cunstalis
762 3707 869 3788 posset
897 3725 964 3768 esse
996 3701 1150 3786 magister
1180 3701 1309 3780 civium,

158 3813 194 3872 ct
216 3809 302 3895 eligi,
326 3833 490 3896 nunquam
504 3815 611 3876 temen
634 3809 755 3874 factum
778 3809 841 3874 luit
856 3807 986 3873 interim
1009 3805 1094 3891 quod
1116 3805 1174 3872 ille
1195 3806 1308 3870 civitas

159 3919 210 3980 est
233 3915 391 3982 instituta
437 3915 489 3982 Sic
511 3917 608 3983 etiam
639 3915 761 3981 leciuut
784 3912 986 3980 ecclesiastici
1010 3911 1101 3977 utin
1125 3909 1308 3996 plurimum,

158 4019 216 4102 qui
249 4021 287 4086 ad
312 4043 445 4108 magnas
469 4023 656 4106 praelaturas
679 4024 845 4085 assumunt
867 4017 1017 4084 clericum
1038 4016 1196 4096 nobilem,
1226 4037 1308 4100 prse-

159 4125 273 4190 sertim
295 4127 422 4211 quando
438 4127 598 4192 nobilitati
622 4124 766 4211 potentia
788 4129 835 4188 est
852 4123 1009 4202 ediuncte,
1034 4124 1071 4185 ut
1086 4121 1150 4188 tale
1165 4121 1308 4186 additum

159 4230 220 4297 tali
243 4230 340 4297 faciat
361 4231 467 4316 ipsum
488 4232 591 4318 magis
606 4231 681 4307 tale,
705 4227 824 4292 scilicet
847 4227 931 4312 quod
953 4226 1097 4312 potentia
1120 4224 1228 4290 addita
1250 4247 1306 4309 po-

158 4337 270 4404 tentiae
299 4339 410 4404 reddet
441 4339 545 4422 ipsum
575 4335 678 4422 magis
708 4336 869 4418 potentem
900 4332 939 4397 ad
972 4331 1145 4417 regendum
1172 4329 1306 4414 plebem.

157 4439 252 4510 Unde
271 4443 412 4510 loannes
442 4443 517 4508 Boit
540 4439 581 4530 [P]
604 4442 637 4506 in
661 4463 687 4506 c.
719 4435 909 4504 venerabilis
940 4435 1031 4504 dicit:
1065 4435 1099 4500 Si
1130 4433 1247 4501 nobilis
1276 4439 1309 4500 et
