3014 4926
654 371 716 449 145

192 573 247 613 ⁴1⁰⁰
272 547 330 622 Sed
352 555 407 622 ulii
430 555 606 623 Jerusalem
629 558 746 624 reversi
767 557 921 644 phariseis

275 660 426 730 Universa
447 663 625 730 retulerunt
647 668 680 731 et
701 664 812 730 scribis
835 669 868 730 et
889 663 1009 731 Judeis.

168 977 222 1051 Do
248 977 329 1068 hoo,
357 977 457 1072 quod
483 978 707 1053 intermittit
732 978 792 1052 hic
819 979 946 1052 omnin
973 978 1077 1054 faeta
1102 978 1206 1054 Jesu.

272 1187 334 1254 Hie
355 1210 414 1254 uos
436 1188 677 1254 intermittimus
700 1192 796 1274 etque
817 1188 1014 1254 transilimus

270 1292 386 1360 Omnis
407 1315 469 1380 que
491 1293 566 1359 feeit
587 1292 681 1360 Jesus
704 1315 811 1378 opera,
835 1315 908 1358 num
933 1293 1049 1358 scimus

271 1397 308 1464 In
332 1399 425 1464 libris
447 1397 637 1484 evangelicis
660 1397 718 1464 hee
740 1419 807 1464 esse
828 1397 1008 1482 oompilntn,

174 1519 248 1574 ,⁴10⁶
272 1501 317 1568 ut
339 1502 456 1568 sanetis
479 1501 519 1567 sb
543 1501 694 1586 apostolis
717 1501 843 1586 seriptis
866 1503 1093 1582 commendate,

271 1605 333 1684 Qui
355 1607 551 1692 seripserunt
572 1607 672 1672 duleis
693 1605 772 1672 Jesu
794 1608 893 1672 vitem
915 1612 947 1672 et
968 1607 1155 1688 doctrinam,

273 1710 375 1788 Quum
396 1733 453 1796 per
474 1733 566 1777 omno
587 1711 726 1778 seculum
748 1734 805 1796 per
826 1712 964 1798 gratiam
986 1712 1127 1777 divinum

279 1817 424 1884 Tradidit
444 1815 637 1898 hominibus,
659 1816 763 1882 verbis
786 1816 985 1901 predicando,

278 1920 385 2008 Signis
408 1925 441 1986 et
460 1921 621 1987 miraculis
642 1921 802 1988 eredentes
825 1921 1013 1988 roborando.

200 2046 253 2084 «ιω
278 2025 363 2092 Nem
385 2047 493 2092 onmes
515 2027 709 2112 egritudines
731 2027 895 2092 hominum
918 2028 1051 2108 curavit,

278 2129 426 2214 infirmos
448 2135 543 2216 sique
565 2131 693 2213 debiles,
716 2135 748 2198 et
769 2131 937 2218 languidos
959 2133 1094 2215 sonavit,

278 2236 383 2318 (lenos,
404 2241 519 2317 mutos,
543 2238 664 2319 nudos,
687 2237 814 2304 claudos
837 2242 869 2303 et
890 2257 1018 2304 maneos
1041 2237 1234 2318 reformavit,

276 2341 420 2408 Membra
441 2343 617 2428 purulyticu
639 2343 813 2410 multorum
834 2343 998 2422 soliduvit;

278 2445 422 2514 Obsessis
443 2447 484 2512 sb
506 2447 689 2514 hominibus
711 2449 857 2515 demones
880 2447 1015 2534 fregerit,

201 2571 253 2610 uo
279 2549 492 2618 Plurimorum
515 2553 711 2640 leprosorum
732 2575 865 2639 corpora
886 2553 1069 2631 mundavit;

279 2656 455 2724 Defunctos
478 2663 574 2743 elque
594 2662 739 2725 mortuos
760 2659 812 2724 hic
834 2657 1043 2738 resuscitavit,

279 2763 327 2829 Ac
349 2784 491 2850 egressus
513 2764 636 2829 unimus
657 2764 698 2830 ud
719 2785 832 2849 eorpus
855 2764 1024 2828 revocavit.

279 2865 380 2953 Super
402 2889 501 2953 equus
523 2867 655 2953 pedibus
676 2867 766 2933 sioois
788 2867 975 2948 ambulavit,

279 2970 402 3040 Ventos
424 2976 520 3058 elque
540 2974 744 3058 tempestates
766 2974 800 3038 et
820 2973 964 3038 turbines
987 2970 1118 3037 sederit.

209 3097 259 3135 ano
284 3077 520 3163 Hominumque
541 3078 631 3144 milis
653 3078 793 3164 quinque
814 3077 944 3144 sutiuvit

280 3181 329 3248 De
350 3183 425 3250 solis
448 3184 587 3270 quinque
608 3183 754 3269 panibus,
778 3206 857 3269 quos
878 3181 1123 3267 multiplicavit3

282 3285 327 3352 nt
348 3289 412 3354 slis
434 3289 587 3355 miracula
608 3289 746 3374 plurimu
767 3293 843 3356 sunt
863 3288 950 3354 fsots

282 3389 344 3457 Per
365 3391 475 3459 Jesum
497 3393 688 3481 evangelicis
711 3416 772 3480 que
794 3394 920 3480 seriptis
942 3396 1017 3459 sunt
1039 3391 1175 3457 reductu

131 3685 232 3775 Quod
250 3689 441 3788 pontifices
467 3695 507 3768 et
532 3689 694 3790 pherisei
721 3687 914 3766 eonsilium
942 3691 1113 3764 focerunt
1140 3691 1274 3762 eontra

629 3813 773 3888 Josum.

288 4019 456 4088 Pontifices
479 4021 540 4088 hoo
562 4023 726 4088 audientes
749 4025 781 4086 et
804 4017 916 4106 perfidi
939 4015 1043 4102 Judei,

208 4129 260 4184 ³¹¹⁶
286 4130 331 4196 Et
352 4128 528 4194 secerdotes
551 4128 671 4214 populi,
694 4149 766 4192 oum
788 4126 899 4192 scribis
921 4126 1071 4211 pharisei,

288 4233 484 4320 congregati
506 4239 581 4299 sunt
602 4233 636 4298 iu
657 4255 758 4298 unum
779 4232 946 4298 eonsilium
969 4232 1132 4312 hebentes,

697 4375 715 4415 *

206 4457 274 4513 4199
291 4457 355 4516 lieet
373 4459 393 4516 Ζ
411 4459 575 4518 laborando.

183 4559 325 4610 rusus·
1038 4547 1070 4608 10
