3014 4926
794 383 856 458 158
929 413 931 418 ·

329 589 380 626 «sos
407 563 500 634 Jesns
523 566 586 632 ait:
613 566 714 644 »Quia
736 589 790 632 rex
813 591 884 632 sum
908 589 998 654 egos,
1022 573 1057 632 tu
1082 567 1190 634 dixisti
1202 587 1218 647 ς’

408 673 554 758 Regnum
575 695 680 740 meum
702 673 812 758 utique
835 696 898 738 non
922 679 970 738 est
993 675 1031 739 de
1052 675 1171 738 mundo
1193 674 1285 740 isto«
1326 697 1330 704 ·

410 779 517 866 »Ergo
540 801 613 845 vere
634 803 689 846 rex
712 802 744 844 es
767 783 845 844 tua«
871 779 993 844 Pilatus
1016 781 1063 844 ait
1086 777 1222 844 Christo.

410 884 692 972 »banomaga«
717 884 810 951 Jesus
834 885 880 948 ait
906 886 1011 950 »etin
1035 905 1134 971 regno
1156 887 1260 962 natus,
1382 877 1408 952 ,’

407 989 458 1055 Ad
480 991 645 1056 dicendum
669 991 835 1056 veritatem
856 1013 925 1056 sum
947 991 1066 1056 mundo
1089 989 1295 1054 destinatus«

286 1171 287 1176 γ
333 1115 386 1150 ⁴⁰¹⁰
414 1095 523 1161 Preses
546 1097 592 1161 ait
614 1097 652 1161 ad
676 1095 812 1161 Judoos:
838 1093 931 1160 >Non
954 1117 1081 1180 possum
1103 1094 1245 1160 invenire

406 1199 514 1267 Ullam
537 1223 673 1281 oausam,
696 1201 798 1266 inatus
820 1200 872 1265 hio
896 1223 953 1265 our
975 1201 1087 1266 debeat
1109 1200 1219 1285 perire.

406 1307 481 1373 Non
505 1311 552 1372 est
576 1305 792 1372 Romanorum
815 1307 875 1385 lex,
898 1311 934 1372 ut
957 1306 1124 1391 quisquam
1147 1305 1307 1370 occidatur

409 1412 472 1477 Pro
494 1411 599 1476 verbis
621 1413 667 1476 ita
689 1410 821 1486 levibus,
846 1433 906 1496 qne
928 1433 1004 1476 casu
1028 1411 1146 1475 stultus
1169 1409 1286 1475 fatam«

399 1517 648 1602 vResponderunt
668 1513 781 1580 Judei:
805 1513 892 1579 »Nos
915 1515 1067 1580 habemus
1089 1515 1210 1601 legem3

328 1643 380 1681 ⁴⁶¹⁶
407 1622 585 1688 Secundum
606 1621 695 1686 illam
717 1621 799 1685 mori
822 1621 924 1700 debet,
947 1643 1021 1686 nam
1043 1643 1076 1686 se
1098 1619 1180 1684 dixit
1202 1640 1322 1705 regem,

408 1731 452 1795 Et
473 1729 595 1794 induoit
618 1728 778 1813 quandam
799 1735 914 1792 nodam
937 1747 1111 1812 supernos
1134 1724 1320 1802 doctrinm,

408 1835 469 1900 Per
490 1857 586 1920 quam
608 1838 716 1898 nostre
739 1833 873 1898 destruit
895 1833 974 1918 legis
997 1829 1213 1916 disciplinam

394 1937 603 2026 'Universum
626 1937 779 2024 populum
801 1937 835 2000 in
857 1939 926 2001 tota
947 1936 1011 2000 iam
1034 1934 1136 2000 Judea

407 2043 586 2110 Gommorit
608 2045 647 2108 ad
670 2065 727 2108 nos
749 2041 877 2108 veniens
899 2043 937 2106 de
960 2045 1045 2106 terra
1067 2039 1216 2106 Galilaea

433 2281 537 2366 Quod
565 2281 675 2355 Jesus
691 2282 833 2354 'missis
852 2283 911 2354 est
937 2280 985 2353 ed
1011 2277 1208 2353 Herodem.

331 2483 383 2520 ⁴⁶20
410 2463 532 2529 Pilatus
554 2463 664 2530 Jesurn
688 2465 816 2530 audiens
839 2487 906 2530 esse
927 2463 1081 2530 Galileurn

409 2567 459 2632 Ex
481 2567 616 2634 Herodis
640 2573 796 2652 potestate
818 2569 928 2634 statim
950 2567 1037 2632 misit
1059 2590 1131 2632 eum

407 2672 467 2737 Per
490 2673 588 2758 ipsius
611 2672 746 2738 famulos
769 2674 911 2739 vinctum
933 2673 973 2737 ad
995 2672 1163 2752 Herodem,

405 2777 582 2844 Jerusalem
604 2779 658 2863 qni
682 2783 822 2864 tempore
844 2780 906 2843 fuit
929 2779 962 2843 in
985 2779 1102 2843 eodem.

356 2951 361 2962 ,
405 2881 545 2948 Herodes
569 2906 622 2947 rex
646 2883 774 2969 gavisus
798 2889 856 2963 est,
879 2907 953 2948 nam
976 2884 1056 2948 vidit
1077 2883 1213 2948 libenter

326 3007 379 3043 ⁴⁶²⁶
406 2985 514 3052 Jesum
538 3009 632 3071 quem
655 2987 852 3052 desiderabat
873 3009 998 3052 eernere
1019 2987 1209 3072 frequenter.

404 3091 456 3156 Ab
477 3092 547 3176 ipso
568 3092 694 3177 signum
719 3093 846 3178 aliquod
870 3093 974 3158 videre
997 3093 1162 3178 cupiebat;

404 3193 464 3260 Sed
486 3195 579 3261 Jesua
602 3219 707 3261 aoram
730 3221 767 3262 eo
789 3197 914 3262 nullum
936 3198 1063 3283 signum
1086 3198 1235 3279 faciebat,

403 3299 470 3364 Neo
492 3299 681 3386 loquebatur
704 3301 831 3387 aliquod
855 3303 985 3367 verbum
1009 3307 1097 3368 stans
1119 3303 1249 3390 ligatus,

405 3403 516 3490 Neque
538 3406 606 3492 regi
628 3408 837 3491 respondebat
860 3406 900 3471 ab
922 3407 983 3472 hoo
1005 3408 1229 3494 interrogatus.

326 3525 378 3563 ⁴⁰³⁰
405 3507 500 3574 Judei
523 3531 594 3574 cnm
617 3509 813 3595 principibus
836 3533 941 3576 eoram
964 3533 1038 3597 rege
1060 3514 1199 3594 stabant,

402 3613 506 3677 Multa
527 3613 610 3684 falsa
632 3615 818 3681 mentientes
841 3615 951 3682 desum
974 3619 1172 3684 accusabant.

403 3715 511 3802 Ipsum
534 3739 610 3804 ergo
632 3743 687 3785 rex
709 3721 850 3787 Herodes
872 3723 993 3806 sprevit
1015 3728 1046 3788 et
1069 3724 1187 3804 derisit,

291 3829 293 3833 '
403 3821 446 3885 Idt
468 3823 533 3886 suis
555 3825 594 3888 ad
616 3825 812 3891 illudendum
834 3827 990 3892 militibus
1014 3829 1145 3909 dimisit,

401 3925 469 3992 Sibi
491 3929 546 4014 qui
568 3931 743 3996 ooooineam
766 3937 883 3997 vestem
905 3932 1077 3998 induerunt

324 4051 375 4088 ⁴0⁸⁶
402 4030 582 4112 Illudentes,
606 4033 860 4120 blasphemantes
887 4037 988 4104 Pilato
1010 4038 1214 4116 remiserunt3

390 4267 495 4356 Quod
523 4271 643 4348 Judas
670 4277 857 4373 seipsum
885 4277 1019 4374 laqueo
1047 4279 1252 4376 suspendit.

400 4451 500 4520 Judas
522 4478 613 4522 suum
635 4458 797 4523 dominum
822 4461 929 4526 videns
955 4467 1172 4547 presentatum
1278 4507 1280 4512 -
