3072 4936
804 317 846 383 90

250 496 365 562 habuit
407 494 619 561 residentiam.
682 491 743 560 Hae
774 493 844 558 dua
873 490 1122 558 Gesslerensium
1157 489 1289 556 familia
1321 490 1403 576 apud
1509 511 1510 552 1

251 601 472 685 praedicatores
503 621 576 664 suas
607 599 727 663 habent
756 597 922 662 distinctas
956 597 1146 682 sepulturas.
1200 593 1276 660 Vidi
1306 596 1402 661 etiarn
1509 607 1510 670 ζ

249 707 283 770 11
305 705 546 791 quampluribus
569 701 691 768 Sueviae
714 703 838 787 oppidis
861 707 894 768 et
919 703 1004 767 villis
1028 701 1123 767 huius
1145 701 1286 768 nominis
1309 702 1404 768 fami·

252 812 312 876 lias
336 813 432 878 etiam
455 812 493 876 de
517 809 697 874 novissimis
721 809 878 892 plebibus,
924 808 1036 873 Multis
1060 807 1145 873 enim
1168 829 1336 872 commune
1358 814 1405 874 est

251 917 312 980 boc
335 939 449 982 nomen
474 915 613 994 (lessler,
647 914 731 999 quod
753 897 806 978 110ι
821 914 970 979 accidisse
1004 905 1139 978 lerunt.¹
1166 913 1262 978 Auno
1285 915 1405 979 domini

254 1020 337 1086 1348
360 1020 567 1104 grassabatur
589 1018 836 1084 horribilissima
858 1018 967 1102 pestis,
992 1040 1056 1102 qna
1078 1023 1166 1084 totus
1189 1018 1328 1086 infectus
1344 1019 1406 1085 luit

253 1124 398 1202 mundus,
423 1125 463 1189 ab
485 1123 578 1190 India
600 1145 700 1208 nsque
723 1123 757 1187 in
781 1121 995 1202 Brittaniam,
1020 1128 1056 1188 ut
1079 1125 1132 1188 vix
1155 1125 1294 1190 decimus
1318 1125 1406 1210 qnis-

253 1252 315 1314 que
338 1251 376 1294 ex
398 1229 568 1294 millesimo
583 1229 712 1294 homine
727 1227 931 1313 superfuerit,
957 1229 995 1293 de
1011 1251 1074 1314 qua
1091 1234 1178 1314 peste
1194 1230 1290 1296 etiam
1309 1252 1406 1314 snpra

253 1335 365 1399 habita
391 1340 439 1398 est
461 1336 590 1400 mentio.
638 1334 707 1400 Hae
730 1334 938 1400 tribulatione
965 1336 1146 1420 compuncti
1173 1335 1267 1400 multi
1290 1335 1408 1400 viriet

253 1441 379 1506 feminae
402 1440 524 1506 nobiles
547 1444 578 1506 et
600 1439 757 1525 ignobiles
781 1445 1026 1518 concurrerunt,
1058 1445 1091 1504 et
1113 1445 1149 1506 ut
1172 1439 1275 1505 Deum
1297 1439 1405 1524 placa·

254 1551 323 1610 tum
346 1547 522 1624 redderent,
547 1547 675 1612 nudatis
698 1547 799 1612 dorsis
823 1546 1097 1632 processionaliter
1118 1547 1315 1624 incedebant,
1341 1547 1407 1612 cla·

171 1735 174 1742 .
254 1657 376 1716 mantes
400 1657 432 1715 et
455 1652 675 1730 lamentantes,
699 1675 794 1736 seque
817 1651 953 1736 flagellis
978 1651 1197 1716 inhumaniter
1212 1651 1407 1729 lacerabant,

254 1756 432 1822 mirandum
449 1759 702 1842 stupendumque
718 1757 933 1842 spectaculum
948 1757 1070 1824 cunctis
1087 1757 1281 1843 praebebant.
1328 1757 1409 1822 Post

254 1863 315 1927 hoe
337 1869 479 1928 cessante
494 1868 582 1949 peste
598 1863 691 1928 multi
707 1885 823 1928 nomen
839 1862 1049 1942 retinuerunt,
1071 1863 1126 1947 qui
1142 1861 1293 1927 cumillis
1309 1863 1408 1930 casti·

254 1967 422 2052 gatoribus
445 1968 680 2047 circumierunt,
705 1974 737 2033 et
759 1969 946 2034 dicebantur
970 1967 1093 2034 Geisler
1115 1992 1134 2033 a
1155 1967 1310 2054 flagellis,
1334 1970 1409 2034 inde

254 2077 360 2138 autern
383 2096 498 2138 nornen
522 2079 683 2139 mutantes
705 2075 780 2140 dicti
805 2079 881 2139 sunt
906 2072 1040 2154 Gessler,
1064 2073 1120 2138 alii
1143 2096 1217 2138 vero
1235 2074 1312 2139 dicti
1331 2080 1410 2139 sunt

255 2175 375 2242 Gaiser.
421 2175 481 2242 Sed
504 2178 587 2244 cives
618 2181 775 2244 ulmenses
798 2179 923 2244 Gessler
953 2181 1000 2244 ita
1031 2179 1187 2244 nominati
1211 2185 1287 2245 sunt
1309 2179 1409 2266 longe

256 2287 330 2348 ante
352 2288 468 2348 sectam
493 2283 738 2370 flagellatorum,
762 2308 826 2371 qua
847 2283 1011 2350 occasione
1033 2283 1158 2370 ignoro.

730 2461 927 2528 Leuant

342 2602 480 2668 Leonum
511 2605 682 2689 magnilica
708 2608 896 2688 vetustaque
927 2602 1051 2669 familia
1081 2602 1220 2668 civitatis
1255 2601 1409 2668 ulmensis

256 2729 328 2772 curn
351 2707 422 2772 aliis
452 2709 612 2773 nobilibus
636 2706 766 2774 Ulmam
789 2708 885 2773 venit.
909 2730 982 2772 nam
1014 2711 1108 2772 antea
1136 2730 1207 2772 cum
1239 2731 1409 2773 numerosa
1511 2791 1512 2804 χ

256 2817 338 2877 esset
359 2812 497 2892 fanrssia,
524 2814 611 2878 sedes
634 2813 749 2879 habuit
771 2815 803 2878 in
829 2813 978 2879 extremis
1003 2813 1140 2898 Alpibus
1163 2814 1198 2878 in
1222 2813 1409 2900 regionibus
1511 2851 1512 2860 1

256 2916 407 2982 Cadubrii
429 2923 462 2983 et
484 2917 617 2984 Goriciae
631 2917 662 2997 ²,
685 2919 723 2983 de
746 2942 810 3003 qua
833 2918 892 2982 sub
915 2918 1086 2983 comitibus
1109 2919 1333 3002 praedictarum
1358 2943 1408 2984 re·

254 3022 386 3108 gionum
410 3023 477 3105 apti
500 3023 596 3088 armis
612 3024 730 3090 Leones
746 3025 869 3090 nobiles
884 3023 1085 3102 militabant';
1108 3047 1166 3089 nee
1182 3025 1408 3090 aestimandum

256 3133 304 3194 est
326 3131 393 3192 tam
414 3128 521 3193 nobile
544 3152 659 3194 nomen
683 3135 716 3196 et
738 3135 806 3195 tam
829 3129 970 3214 insignia
992 3133 1161 3195 stemmata
1183 3129 1245 3193 nisi
1268 3131 1408 3194 strenuis

256 3233 380 3297 actibus
402 3233 451 3298 illi
474 3231 605 3300 familiae
629 3259 695 3300 esse
711 3235 925 3320 appropriata.
971 3233 1020 3300 De
1035 3234 1085 3299 his
1101 3233 1260 3300 Leonibus
1275 3235 1407 3320 quidam

255 3337 353 3421 Alpes
377 3338 596 3424 derelinquens
619 3341 740 3405 curiam
762 3341 963 3405 dominorum
987 3339 1025 3404 de
1052 3339 1230 3404 Hellastein
1254 3339 1408 3405 inarmis

255 3442 395 3508 serviens
418 3443 609 3526 sequebatur
624 3446 658 3510 in
674 3447 804 3531 regione
821 3445 953 3524 Sueviae,
977 3445 1145 3510 eratenim
1162 3449 1238 3509 tuuc
1254 3445 1407 3528 temporis

256 3547 408 3611 comitum
433 3548 470 3611 de
494 3547 671 3615 Hellastein
706 3551 794 3615 curia
817 3550 900 3616 sicut
930 3551 1128 3635 principum,
1163 3548 1279 3632 quibus
1310 3549 1408 3614 etiam

256 3651 396 3716 illustres
420 3652 607 3718 serviebant.
654 3655 716 3721 Leo
740 3662 846 3721 autem
869 3655 924 3721 ille
946 3656 1074 3720 domino
1097 3678 1154 3720 suo
1170 3655 1250 3719 bene
1265 3654 1407 3720 serviens

256 3755 475 3840 praefecturam
499 3761 615 3826 meruit
642 3762 781 3846 accipere
810 3761 932 3828 castelli
962 3760 1120 3846 Giengen,
1152 3759 1237 3846 quod
1263 3761 1407 3824 nondum

255 3867 325 3927 erat
346 3863 509 3947 imperiale
532 3865 683 3950 oppidum
706 3867 789 3933 siout
811 3873 861 3933 est
884 3867 986 3946 hodie,
1010 3867 1065 3933 sed
1086 3871 1213 3931 tantum
1236 3865 1406 3930 castellnm

255 3968 407 4032 comitum
429 3969 594 4076 dictornm.
640 3970 678 4036 In
700 3973 757 4038 illo
780 3995 857 4060 ergo
879 3971 1008 4038 castello
1031 3971 1147 4038 habuit
1168 3969 1231 4035 1110
1255 3969 1310 4035 ille
1333 3992 1407 4036 curn

822 4131 839 4172 *

327 4235 340 4288 1
361 4233 593 4291 11111111.
633 4237 674 4293 ue
696 4215 950 4294 1111111111
974 4237 1072 4294 sessu.
1098 4237 1167 4294 oon.
1192 4237 1264 4291 aas.
1302 4237 1403 4294 nowen

254 4322 321 4465 {der
339 4321 521 4465 LayenGGolr.
539 4342 586 4380 am
604 4325 699 4382 rande.
750 4329 762 4382 1
783 4325 889 4383 canore
907 4343 944 4382 an
963 4326 1012 4383 der
1030 4326 1114 4384 obern
1134 4323 1227 4390 Piave,
1246 4324 1277 4379 in
1296 4325 1406 4391 Friaul;

280 4409 366 4466 oridia
382 4431 418 4458 =
460 4416 514 4466 bra.
