3072 4936
771 367 813 432 80

221 544 253 608 in
271 543 406 608 sedendo
422 549 454 609 et
476 543 509 608 in
526 543 697 608 incedendo
713 540 984 626 praehonoraudus
1007 565 1100 626 super
1115 542 1275 609 doctorem
1291 543 1368 608 sirn-

219 649 332 732 plicem
363 649 412 733 (ut
434 648 512 714 dicit
534 646 625 712 Bald.
656 647 690 712 in
714 645 877 731 prohemio
900 645 1097 730 digestorum
1118 671 1213 732 super
1234 648 1368 714 rubrum

220 753 259 818 ed
276 753 370 817 finem
387 751 419 833 ¹).
466 753 618 818 Doctores
642 757 748 818 autem
762 751 884 817 domini
905 751 1062 831 dicuntur,
1087 757 1215 838 ergoet
1237 753 1366 821 milites.

219 861 279 926 Sed
313 863 345 923 et
367 857 479 924 militis
511 881 591 924 uxor
619 858 748 924 domina
776 859 882 924 vocari
914 857 1008 924 debet
1029 858 1056 924 si
1080 859 1164 939 vult,
1198 859 1250 942 (ut
1270 859 1370 925 habet

217 964 330 1030 Barth.
354 966 387 1030 in
411 989 437 1030 c.
462 964 671 1030 amicissimus
696 963 1078 1049 [100111011111125]
1102 965 1134 1030 ff.
1160 965 1176 1030 l
1203 965 1240 1032 de
1262 989 1367 1032 excus.

219 1077 313 1138 tutor.
340 1076 372 1135 et
395 1071 415 1135 1.
439 1070 625 1136 donationes
650 1070 786 1156 [Digest.
810 1069 830 1136 l.
859 1071 886 1135 1.
911 1069 961 1135 tit.
986 1069 1044 1156 24]
1069 1091 1094 1134 c.
1119 1071 1157 1135 de
1180 1070 1288 1136 donat.
1305 1071 1366 1138 int.

218 1177 275 1240 vir.
301 1181 333 1240 et
363 1173 543 1257 uxorern2).
589 1175 638 1239 Ex
671 1175 786 1259 quibus
818 1179 907 1259 patet
930 1175 1119 1240 Krafaonem
1150 1175 1242 1241 illum
1270 1177 1368 1244 fuisse

219 1281 358 1346 nobilem
381 1285 413 1345 et
434 1279 578 1345 militem.
606 1277 767 1346 'Secundo
790 1281 929 1346 ostendit
944 1279 1142 1365 epitaphium
1162 1281 1196 1345 in
1220 1281 1289 1347 viro
1310 1281 1368 1346 illo

218 1386 394 1471 prudentiae
410 1391 443 1452 et
458 1387 659 1470 experientiae
675 1385 880 1452 eminentiam
896 1390 1041 1450 ornatam
1056 1383 1254 1452 honorabilis
1269 1386 1367 1452 officii

217 1493 391 1578 dignitate:
425 1491 458 1556 in
483 1515 519 1558 eo
542 1494 626 1578 quod
649 1492 748 1558 habet
770 1491 873 1558 scriba
896 1489 1055 1575 antiquus.
1087 1513 1161 1557 narn
1183 1491 1264 1558 istae
1286 1492 1368 1557 duae

217 1598 371 1664 dictiones
394 1598 563 1664 includunt
585 1597 803 1682 prudentiam,
833 1594 1061 1680 experientiam
1084 1601 1117 1662 et
1138 1595 1237 1664 officii
1259 1596 1368 1680 digni·

218 1708 326 1768 tatem.
373 1695 449 1768 Fuit
478 1702 563 1768 enim
585 1701 721 1787 insignis
753 1701 802 1765 vir
824 1700 879 1766 ille
902 1701 1014 1766 doctus
1046 1723 1183 1766 annosus
1206 1707 1239 1766 ct
1261 1701 1368 1768 scriba

217 1807 427 1890 imperatoria.
474 1807 600 1872 Dicitur
619 1806 704 1872 enim
726 1805 830 1870 scriba
845 1829 909 1870 non
932 1805 973 1870 ab
988 1805 1095 1872 officio
1111 1805 1269 1872 scribendi
1284 1807 1368 1872 sicut

220 1914 372 1996 scriptor:
405 1914 458 1978 sed
482 1912 522 1977 ab
552 1911 658 1977 officio
680 1911 911 1995 interpretandi
940 1916 973 1976 et
995 1911 1170 1992 iudicandi,
1200 1915 1237 1976 ut
1259 1912 1368 1996 glossa

217 2041 312 2103 super
334 2018 414 2083 illud
439 2019 455 2083 1
480 2017 550 2083 (lor.
578 2020 606 2082 l.
629 2017 686 2082 ubi
708 2016 812 2082 scriba
834 2015 926 2082 dicit:
949 2016 1054 2082 scriba
1076 2016 1225 2096 dicitur⁸,
1250 2016 1366 2101 quide

218 2123 360 2187 moribus
383 2123 433 2188 vel
455 2123 579 2188 actibus
593 2127 750 2206 praecepta
773 2123 828 2186 dat
849 2126 882 2188 et
904 2121 958 2207 qui
981 2122 1015 2186 in
1037 2121 1211 2187 moralibus
1227 2143 1365 2206 praecep-

217 2227 258 2292 tis
282 2228 434 2311 populum
455 2227 617 2292 informat.
664 2226 724 2292 Sed
746 2225 807 2292 etsi
829 2225 934 2292 scriba
956 2226 1087 2291 denotat
1115 2224 1257 2290 officium
1287 2225 1366 2290 scri·

216 2331 330 2411 bendi,
361 2354 424 2396 non
447 2337 553 2397 tamen
577 2331 791 2416 cuiuscunque
823 2331 1006 2410 scribentis,
1044 2331 1098 2396 sed
1121 2335 1246 2396 tentum
1268 2329 1366 2408 illius,

218 2439 273 2520 qui
295 2436 407 2502 scribit
441 2437 538 2500 verba
569 2459 606 2502 ex
630 2458 684 2501 ore
707 2436 809 2522 regis,
844 2441 881 2500 ut
913 2435 992 2501 dicit
1025 2434 1132 2521 glossa
1154 2436 1181 2500 2·
1199 2433 1279 2518 Reg.
1304 2433 1366 2498 8⁴.

217 2543 290 2607 Ideo
302 2542 335 2606 in
352 2541 516 2626 evangelio
526 2541 734 2620 communiter
745 2541 856 2606 scribae
872 2540 1071 2625 etprincipes
1089 2539 1184 2606 simul
1202 2543 1367 2624 ponuntur

217 2652 254 2712 ut
277 2652 366 2731 patet
388 2645 488 2712 Marci
514 2648 553 2710 14
577 2652 610 2711 et
631 2645 734 2711 Lucas
756 2643 836 2725 22⁵,
867 2645 943 2730 quia
965 2646 1091 2712 decreta
1113 2651 1146 2712 et
1168 2645 1254 2710 iussa
1275 2643 1366 2728 prin·

215 2751 321 2834 cipum
343 2751 500 2818 notabant
515 2751 637 2816 scribae
659 2756 692 2816 et
714 2751 832 2834 populo
847 2751 1080 2836 significabant
1124 2749 1175 2816 le
1199 2772 1261 2834 quo
1277 2753 1367 2834 patet

216 2857 299 2941 quod
322 2857 380 2922 illa
402 2855 499 2922 dictio
522 2854 626 2921 scriba
648 2855 682 2919 iu
705 2855 766 2922 hoc
788 2855 951 2939 epitaphio
974 2855 1052 2922 dicit
1075 2855 1135 2920 viri
1157 2855 1366 2940 magnificen-

217 2963 295 3027 tiam
318 2967 351 3028 et
373 2959 503 3026 familia
515 2959 717 3026 nobilitatem
739 2966 771 3026 et
794 2983 993 3046 nequaquam
1008 2961 1156 3047 designat
1176 2959 1271 3025 vilem
1285 2961 1366 3024 scri·

216 3067 320 3133 bentis
344 3066 544 3144 carrinatem,
574 3070 611 3130 nt
633 3065 792 3150 simplices
815 3065 879 3130 vim
903 3067 1048 3132 vocabuli
1070 3067 1254 3151 ignorantes
1277 3063 1366 3130 aesti-

219 3179 317 3238 mant.
363 3170 440 3236 Fuit
471 3169 556 3236 euim
578 3173 614 3234 ut
636 3169 702 3234 dixi
724 3169 833 3236 doctiss
866 3176 898 3237 ct
919 3171 989 3236 ideo
1011 3171 1044 3235 in
1078 3171 1215 3236 scribam
1240 3168 1366 3253 imperii

220 3277 404 3356 electua,'et
419 3299 490 3343 cum
506 3274 567 3343 hoc
582 3297 720 3340 annosus
734 3277 844 3341 multae
859 3276 1069 3360 experientia,
1092 3277 1175 3341 unde
1190 3274 1264 3340 Job.
1282 3273 1322 3338 12
1334 3273 1364 3339 ⁸:

781 3399 798 3434 *

293 3479 301 3528 l
326 3476 366 3531 Bl.
386 3475 502 3546 (Baldus
522 3473 577 3543 Kl.)
596 3473 625 3526 in
637 3475 777 3544 prooemio
796 3475 968 3544 digestorum
983 3476 1055 3533 Mon.
1068 3477 1092 3528 2.
1130 3475 1189 3531 ffcr.
1210 3492 1269 3543 sup.
1288 3473 1364 3527 rubr.

216 3564 316 3620 Schnd.
353 3563 389 3617 ad
407 3562 435 3616 fi.
457 3561 525 3617 Golr,
550 3560 622 3617 Bess.
642 3561 741 3615 Scbad.
779 3561 815 3615 ad
834 3561 864 3617 si.
891 3563 974 3618 Woll.
1000 3562 1043 3616 Kl.
1081 3561 1160 3616 Bald.
1186 3561 1215 3616 in
1240 3561 1364 3631 proemio

215 3649 248 3706 D.
267 3650 353 3705 Wibl.
373 3649 493 3705 Schmid.
583 3649 599 3702 2
621 3647 648 3703 Β.
668 3648 850 3704 amicissimus
869 3651 887 3704 f.
912 3653 921 3704 l
942 3650 977 3705 de
995 3667 1083 3707 exous.
1104 3653 1158 3705 tut.
1178 3653 1207 3706 st
1225 3649 1254 3704 iu
1278 3651 1294 3704 1.
1314 3648 1362 3704 do·

216 3739 345 3795 nationes
363 3755 385 3794 c.
410 3739 445 3794 de
471 3739 567 3795 donat.
594 3737 646 3795 int.
667 3738 717 3794 vir.
736 3741 772 3794 et.
799 3757 841 3792 vx.
867 3737 966 3792 Schad.
992 3737 1036 3791 Kl.
1074 3737 1217 3808 [Bartolus
1235 3737 1265 3791 in
1284 3753 1307 3792 c.
1329 3777 1361 3790 ..

216 3827 319 3898 (lficke)
338 3867 344 3880 .
364 3867 369 3880 .
389 3827 407 3880 l.
433 3826 616 3881 amicissimus
642 3825 670 3880 ff.
695 3825 730 3880 de
748 3843 836 3882 excus.
855 3827 908 3879 tut.
933 3827 984 3878 etc.
1008 3824 1076 3880 Golr.
1097 3825 1168 3880 Boas.
1207 3823 1270 3878 Bar.
1293 3823 1323 3877 in
1344 3823 1362 3878 1.

219 3914 402 3971 amicissimus
420 3915 454 3970 do
472 3931 561 3970 oscus.
585 3916 670 3970 tutor.
689 3913 740 3968 das
752 3915 851 3984 r'ibrige
868 3912 920 3966 wie
933 3912 992 3968 Sch.
1012 3912 1063 3967 hat
1076 3911 1160 3966 Wibl.
1199 3909 1277 3965 Bald.
1296 3909 1326 3964 in
1345 3911 1363 3965 1.

217 4003 335 4057 amiciss.
355 4002 475 4056 daadbr.
496 4001 548 4056 wie
561 4000 621 4056 Sch.
641 4000 698 4054 und
711 4001 796 4056 Wibl.
817 4000 874 4056 hab
901 3999 1021 4054 Schmid.
1059 3999 1120 4054 Bar.
1140 4000 1168 4054 in
1188 4015 1209 4053 c.
1229 3997 1364 4052 arnicissi·

216 4108 277 4145 mus
296 4093 311 4158 ξ
333 4094 344 4144 l
366 4090 400 4144 de
421 4093 543 4146 executa.
563 4093 592 4144 et
609 4089 639 4143 in
659 4089 689 4143 Ρ.
708 4089 873 4146 donationes
891 4107 911 4144 c.
931 4087 966 4142 de
984 4087 1059 4144 doua
1076 4085 1151 4141 iuter
1170 4085 1215 4140 vir
1238 4088 1268 4140 01
1286 4102 1363 4140 uxor.

215 4177 300 4234 Woll.
370 4175 555 4232 3iudicandi.
592 4175 689 4232 Scriba
707 4175 809 4230 dicitur
828 4176 896 4232 Golr.
917 4175 988 4230 Besa.
1025 4177 1058 4228 ut
1077 4173 1171 4242 glossa
1190 4215 1196 4228 .
1216 4214 1223 4228 .
1244 4217 1248 4226 .
1269 4172 1362 4226 scribo.

215 4265 286 4320 dicit
303 4267 395 4319 lassen
414 4263 493 4316 balde
513 4279 586 4333 weg,
606 4263 736 4318 letzterer
755 4264 807 4318 hat
829 4263 914 4317 daldr
939 4264 1001 4318 eine
1025 4261 1112 4316 ldclra.
1151 4260 1245 4329 (Wohl
1266 4261 1279 4314 l
1300 4259 1360 4316 Cor.

217 4355 241 4415 1,
260 4355 293 4407 20
312 4352 350 4405 ist
369 4351 413 4404 die
431 4349 533 4416 stelle.)
622 4348 809 4412 42Sam.8,
831 4351 872 4403 17.
959 4347 1044 4403 stur.
1066 4347 1130 4403 tlon
1148 4349 1172 4404 2.
1210 4349 1278 4404 11101
1299 4347 1359 4402 Sch.

216 4439 260 4493 Kl.
297 4438 385 4494 Math.
404 4435 490 4491 Wibl.
526 4436 623 4507 (Marc.
645 4437 728 4502 14,1.
764 4435 827 4492 Luc.
846 4437 890 4504 22,
908 4436 954 4507 2.).
1025 4435 1133 4492 6Hiob
1155 4435 1255 4501 1217.
