3014 4926
639 353 701 421 137

250 531 310 599 Sed
333 531 373 598 ad
395 535 522 617 portam
544 529 683 596 civitatis
705 527 801 595 simul
823 549 895 593 cum
919 531 1082 609 venerunt,

251 637 426 724 Exportavi
449 638 594 702 iuvenem
616 635 800 701 defunctum
822 636 1020 718 aspexerunt.

249 743 366 809 Filium
388 744 474 809 hunc
495 743 620 807 unicum
647 740 787 826 genitrix
809 739 957 818 habebat,

173 868 224 908 ³⁹¹⁶
250 851 295 918 Et
314 849 374 916 bec
395 853 465 914 erat
486 847 582 913 vidua
605 869 665 932 que
687 845 821 910 nimium
843 844 1025 930 plangebat.

249 955 399 1021 Misertus
422 953 497 1019 huic
518 953 558 1018 ad
581 952 765 1018 defunctum
788 949 881 1016 Jcsus
904 950 1052 1016 accedens
1074 950 1173 1016 dixit:

253 1058 345 1124 »Tibi
367 1059 437 1123 dico
459 1078 555 1143 surge
577 1056 700 1138 vivus«,
723 1059 756 1122 et
777 1055 923 1141 protinus
946 1055 1061 1120 revixit

250 1163 396 1230 Mortuus
419 1164 474 1249 qui
497 1163 604 1228 fuerat
626 1167 658 1228 et
680 1185 752 1228 eum
774 1162 951 1247 assignavit

250 1267 369 1334 Virum
391 1267 504 1342 matri;
527 1288 583 1351 per
605 1266 665 1331 hoc
686 1265 781 1331 nimis
804 1264 886 1331 hanc
906 1265 1079 1332 letificavit.

173 1394 225 1432 ³⁹³0
252 1371 322 1438 Hoc
343 1372 485 1437 videntes
508 1370 648 1436 universi
670 1370 763 1436 deum
785 1370 1019 1450 collaudabant,

251 1476 361 1544 Jesum
384 1478 433 1543 dei
456 1477 557 1542 filium
580 1475 648 1542 fore
670 1476 921 1557 conclamabant,

251 1583 392 1669 Eiusque
414 1583 576 1670 magnalia
597 1582 762 1648 laudantes
786 1581 979 1648 exaltabant.

252 1686 290 1754 In
314 1689 439 1754 laudem
461 1693 493 1754 et
514 1689 548 1753 in
570 1687 706 1774 gloriam
728 1688 813 1753 bunc
833 1687 1094 1774 magnificabant,

254 1791 298 1858 Et
319 1794 353 1858 in
376 1815 502 1859 omnem
523 1793 686 1880 regionem
709 1793 795 1858 fama
817 1793 1010 1878 divulgatur,

176 1915 228 1955 ππ
253 1895 357 1984 Ipsius
377 1903 409 1964 et
431 1900 471 1964 ab
494 1899 582 1965 omni
600 1903 695 1985 geute
710 1897 804 1965 Jesus
825 1899 1031 1965 collaudatur.

426 2267 480 2344 Dc
507 2267 584 2342 filia
610 2269 787 2364 principis
815 2269 912 2343 Ieiri.

252 2526 402 2613 Princeps
423 2526 552 2614 quidam
574 2527 676 2593 lairus
697 2527 825 2593 nomine
847 2533 975 2594 vocatus

179 2695 185 2702 .
253 2631 303 2698 Ad
326 2631 436 2699 Jesum
459 2635 546 2699 venit
568 2637 600 2698 et
622 2655 693 2699 eum
715 2633 780 2698 fuit
801 2633 994 2718 deprecatus,

253 2735 300 2805 Ut
321 2737 421 2822 ipsius
443 2738 629 2824 dignaretur
650 2737 825 2823 hospitium
847 2739 969 2804 intrare

255 2841 361 2927 Atque
383 2864 474 2907 suam
496 2842 596 2907 filiam
619 2865 639 2908 a
660 2847 762 2909 morte
784 2843 945 2910 suscitare.

178 2967 229 3005 Μ
254 2945 347 3014 Jesus
370 2947 435 3013 suis
458 2947 602 3032 precibus
626 2948 726 3013 flexus
748 2969 854 3014 seeum
874 2949 944 3028 ivit,

254 3051 392 3117 Etcum
415 3052 543 3117 domum
564 3053 716 3138 principis
739 3053 876 3120 eiusdem
899 3052 1055 3133 introivit,

255 3155 397 3222 Puellam
419 3179 477 3242 pro
501 3179 565 3242 qua
586 3162 740 3223 venerant
761 3157 944 3224 defunctam
966 3159 1165 3239 invenerunt,

252 3261 296 3327 Et
317 3261 505 3348 plangentes
527 3261 610 3326 eirca
632 3283 745 3347 corpus
767 3263 920 3348 plurimos
944 3263 1099 3328 viderunt.

254 3365 348 3433 Jesus
371 3367 477 3433 eiectis
501 3367 649 3433 omnibus
670 3367 816 3434 defuncte
838 3369 973 3454 sumpsit
995 3372 1127 3452 patrem,

179 3489 229 3528 Μ
255 3470 444 3554 Johanuem,
469 3472 608 3554 Petrum,
632 3472 797 3555 danubium,
820 3475 1016 3562 virginisque
1038 3477 1182 3552 matrem,

255 3575 299 3641 Et
322 3597 392 3642 cum
415 3577 466 3642 his
490 3577 529 3642 ad
551 3577 686 3664 virginis
708 3600 822 3664 corpus
845 3579 1010 3645 accedebat

253 3679 359 3766 Atque
381 3703 487 3746 coram
510 3681 656 3746 omnibus
678 3686 814 3768 tangens
836 3683 918 3748 hano
940 3683 1080 3750 dicebat:

257 3783 433 3869 »Tabythu
456 3784 517 3850 tibi
540 3785 609 3850 dico
632 3807 736 3871 surge,
760 3787 921 3867 revivisce,

255 3887 293 3956 ln
315 3893 409 3975 teque
430 3889 593 3976 magnalia
614 3889 664 3954 dei
686 3890 772 3956 faeta
793 3891 915 3957 discet«

180 4013 231 4052 Μ
256 3993 308 4062 Ad
330 3995 390 4062 hoc
412 3995 543 4062 verbum
566 3997 634 4062 sine
657 4019 747 4062 mora
769 3997 860 4083 virgo
883 3999 1054 4064 resurrexit

258 4099 413 4182 Gaudere,
436 4102 519 4187 quod
543 4123 576 4166 se
598 4103 783 4168 suscitatam
804 4126 860 4188 per
882 4101 992 4168 Jesum
1014 4102 1182 4184 intellexit,

261 4207 423 4272 Annorum
444 4209 521 4272 tunc
542 4207 703 4272 duodecim
726 4207 789 4272 fuit
811 4208 868 4274 hec
890 4209 996 4293 puella

259 4309 389 4388 Quando
411 4311 474 4379 fuit
496 4313 648 4379 suscitata
670 4314 781 4382 mortis
804 4337 823 4379 a
844 4313 990 4402 procella.
