3034 4922
668 341 732 416 253

219 539 271 580 ⁷⁶2⁶
297 518 341 588 Et
363 521 410 589 tui
433 521 591 612 unigeniti
613 523 689 592 Jesu
713 527 912 613 gratulanter

296 627 465 716 Ingredere
488 631 625 712 delicias,
649 638 681 698 et
703 635 998 708 secumiooundare

296 733 340 798 Et
361 735 394 798 in
416 736 482 800 suis
504 737 539 800 in
563 741 706 802 eternum
728 739 853 824 gaudiis
877 739 1005 805 letare«

340 1052 458 1126 Maria
485 1055 690 1148 suscipitur
716 1079 740 1128 a
767 1058 928 1132 secundo
957 1059 1080 1132 choro.

297 1263 381 1328 Hinc
403 1265 574 1330 secundum
597 1264 803 1348 pertransivit
824 1269 926 1330 mater
949 1266 998 1330 dei
1021 1251 1163 1348 chorum,

295 1368 331 1434 In
354 1370 520 1454 scripturis
542 1369 597 1455 qui
621 1373 750 1434 vocatus
773 1373 822 1434 est
847 1371 1170 1455 ›Archangelorum‹.

219 1491 270 1528 ⁷⁶³0
296 1472 386 1538 Illius
410 1475 499 1539 chori
520 1475 653 1557 spiritus
675 1473 779 1550 cuncti
803 1474 1023 1554 convolabant,

294 1577 384 1644 Hanc
407 1578 539 1644 canticis
562 1583 595 1643 et
616 1577 724 1642 iubilis
747 1577 884 1642 dicentes
908 1578 1101 1645 adorabant:

296 1682 382 1760 »Qua
405 1687 453 1748 est
475 1683 537 1746 ista
559 1703 620 1765 que
642 1681 783 1765 procedit
804 1702 996 1767 consurgens
1019 1687 1055 1748 ut
1077 1682 1213 1764 Aurora,

292 1787 360 1864 Qua*
380 1788 484 1873 fulget
505 1787 674 1871 plusquam
696 1786 798 1850 sidera
819 1787 877 1851 celi
899 1786 1106 1870 pulchriora?

295 1891 360 1958 Hac
383 1892 510 1958 catilla
532 1892 635 1956 Maria
658 1913 718 1976 quc
740 1892 856 1956 claruit
877 1892 911 1956 in
934 1893 1051 1958 mundo

218 2015 269 2052 πω
295 1997 405 2063 Tantis
427 1999 460 2062 in
483 1997 667 2076 virtutibus,
692 2018 814 2080 semper
835 1998 927 2062 corde
950 2000 1077 2064 mundo.

294 2101 361 2166 Hac
382 2107 430 2167 est
452 2101 509 2166 illa
531 2123 589 2185 pro
611 2123 675 2184 qua
696 2100 772 2164 daus
794 2123 827 2164 se
849 2101 1033 2183 exinanivit,

294 2205 427 2291 Propter
449 2228 545 2290 quam
567 2205 739 2270 humanam
761 2206 822 2270 sibi
845 2211 993 2272 naturam
1016 2209 1169 2274 adimivit.

293 2309 360 2377 Hei:
382 2317 431 2378 est
451 2312 509 2376 illa
531 2310 619 2374 ouius
641 2311 718 2376 deus
742 2311 862 2376 amavit
884 2311 1062 2376 castitatem

293 2417 336 2482 Et
357 2421 488 2502 propter
509 2416 593 2480 hanc
613 2415 794 2480 humiliavit
816 2437 906 2480 suam
928 2417 1087 2482 deitatem.

217 2539 268 2576 ⁷⁵⁴⁰
293 2521 365 2607 Ipsa
386 2521 489 2607 primo
511 2521 629 2585 mundo
651 2521 738 2584 dedit
760 2521 916 2586 castitatis
938 2521 1050 2609 legem,

294 2627 353 2693 Per
375 2629 435 2693 hoc
457 2627 518 2692 sibi
541 2647 693 2710 sponsum
716 2626 792 2690 fecit
814 2627 1000 2711 angelorum
1022 2649 1138 2712 regem.

294 2732 361 2798 Hac
381 2755 457 2798 nam
479 2733 562 2798 inter
586 2731 725 2816 virgines
747 2732 850 2815 primo
873 2733 1011 2797 castitat'

293 2837 359 2905 Deo
381 2861 438 2904 suo
461 2842 570 2902 votum
593 2835 669 2901 fecit
690 2841 723 2902 et
744 2836 949 2922 virginitatis.

291 2942 341 3008 Ex
362 2945 508 3010 omnibus
531 2943 713 3008 hominibus
736 2943 827 3008 nobis
850 2943 1030 3028 coequalem

217 3066 267 3104 aas
295 3049 385 3116 Hanc
406 3050 507 3116 solam
528 3071 586 3114 nos
609 3048 786 3114 invenimus
809 3069 864 3132 per
886 3050 1007 3114 cultum
1031 3047 1228 3132 virginalem.

292 3153 375 3222 Nam
396 3177 519 3240 semper
541 3155 623 3219 sicut
645 3154 776 3239 angelus
798 3154 832 3218 in
855 3177 912 3220 sua
934 3154 1080 3220 castitate

292 3259 390 3341 Vixit,
413 3265 470 3326 aut
491 3259 722 3344 Archangelus,
745 3259 778 3324 iu
803 3259 996 3344 virginitate.

293 3365 380 3451 Ergo
401 3367 451 3430 sui
473 3365 625 3430 creatoris
647 3365 787 3449 genitrix
809 3371 857 3430 est
878 3363 974 3442 facta,

292 3469 392 3557 Virgo
416 3475 520 3536 tamen
544 3459 729 3555 permanens
752 3493 874 3554 semper
896 3471 1084 3534 incontacta.

217 3593 267 3634 πω
293 3575 352 3640 Per
373 3581 477 3641 totum
500 3576 653 3640 mundum
676 3575 794 3638 femina
815 3597 878 3638 non
902 3579 950 3638 est
972 3575 1101 3638 inventa
1123 3572 1198 3636 talis

292 3677 358 3754 Que
380 3681 471 3745 nobis
494 3685 600 3764 posset
621 3679 760 3744 castitati
783 3679 850 3744 fore
873 3679 1040 3762 coequalis.

293 3784 358 3850 Hac
381 3787 470 3870 virgo
493 3785 559 3849 suis
582 3783 703 3848 moritis
727 3783 852 3848 excellit
875 3783 1038 3848 universos

292 3889 391 3974 Super
413 3889 543 3955 celestos
566 3889 696 3974 spiritus
719 3893 907 3973 sanctosque
929 3887 1077 3952 diversos.

292 3995 378 4080 Ergo
401 3995 476 4060 felir
499 3999 532 4060 at
554 3997 656 4074 beata,
680 4017 751 4059 cum
774 3993 891 4078 gaudio
914 3993 1055 4078 procede,

216 4118 268 4154 πω»
293 4101 335 4165 lat
357 4101 397 4165 ad
419 4101 467 4164 tui
489 4099 548 4164 filii
571 4100 730 4164 dexteram
755 4099 875 4178 accede,

293 4203 337 4270 Ut
359 4205 399 4269 ab
422 4227 458 4269 eo
481 4205 649 4280 coroneris,
673 4225 777 4268 secum
801 4207 983 4286 regnatura,

292 4309 328 4374 In
351 4311 477 4396 suisque
499 4310 619 4374 deliciis
642 4312 793 4394 perpetuo
818 4307 979 4373 victurala
