3072 4936
785 347 827 424 82

690 593 920 680 Ehinger¹.

317 739 584 828 Ehingerensium
607 737 783 803 clarissima
805 736 955 802 ulmensis
979 736 1119 802 civitatis
1142 735 1267 802 familia
1293 741 1381 824 copi-

234 867 289 910 osa
310 845 393 910 unde
416 844 566 930 primitus
589 849 695 910 ortum
718 843 879 921 habuerit,
903 843 1047 927 longaeva
1069 842 1223 908 successio
1246 843 1383 910 oblivio·

231 973 303 1016 nem
327 956 359 1016 et
382 950 514 1016 dubium
530 949 665 1016 induxit.
711 947 846 1024 Quidam
861 947 947 1012 enim
969 947 1088 1026 dicunt,
1112 968 1165 1012 eos
1180 947 1257 1012 olim
1280 948 1383 1014 nomi-

231 1061 323 1122 natos
347 1057 524 1143 Egrenses‚
557 1054 734 1140 vulgariter
755 1053 880 1140 Egrer,
903 1075 940 1119 eo
962 1055 1046 1139 quod
1069 1054 1110 1118 ab
1133 1053 1223 1138 Egra
1245 1053 1383 1120 Lusatiae

230 1159 360 1226 civitate
382 1161 474 1227 effimi
496 1161 531 1226 in
553 1158 765 1254 Franopniam
788 1158 890 1243 primo
923 1158 989 1222 sint
1021 1163 1053 1224 et
1075 1159 1147 1224 inde
1178 1159 1211 1222 in
1235 1159 1383 1224 Suaviam

231 1266 425 1352 emigrantes
441 1266 546 1348 Ulmus
569 1265 777 1332 consederint.
804 1264 917 1348 quodsi
939 1263 984 1328 sic
1014 1263 1153 1330 dicentes
1176 1265 1209 1330 id
1224 1264 1328 1331 solum
1345 1287 1385 1330 ex

231 1373 358 1437 nomine
381 1377 555 1450 venantur,
580 1371 721 1456 profecto
745 1370 842 1436 debili
866 1370 1072 1436 fundamento
1093 1369 1286 1437 innituntur.
1332 1369 1385 1436 Sic

232 1479 317 1542 enim
332 1501 493 1562 possemus
509 1500 561 1544 eos
577 1476 731 1561 suspicari
747 1481 834 1549 ortos
857 1498 896 1540 ex
911 1473 1020 1558 Aegea
1035 1474 1164 1540 civitate
1179 1474 1384 1542 nobilissimae

231 1582 401 1668 provinciae
417 1581 536 1648 Cilioiae
559 1605 622 1646 non
646 1582 741 1665 louge
763 1601 783 1645 a
805 1579 904 1645 Tarso
927 1578 994 1646 Soti
1017 1579 1109 1644 Pauli
1132 1580 1245 1666 agello.
1270 1580 1321 1646 vel
1343 1579 1385 1646 ab

233 1688 341 1772 aliqua
363 1687 468 1752 insula
483 1687 584 1773 Aegei
606 1687 714 1765 maris,
738 1685 853 1770 quibus
868 1685 930 1751 hoc
951 1685 1083 1770 pelagus
1104 1685 1276 1770 plurimum
1291 1686 1385 1752 nobi-

233 1791 354 1858 litatur.
401 1792 513 1876 Aliqui
536 1793 646 1856 dicunt
659 1789 827 1876 Ehiuger¹
852 1791 1030 1876 antiquitus
1045 1792 1143 1857 fuisse
1159 1814 1233 1878 pers
1248 1793 1380 1858 familiae

231 1896 323 1962 diotae
341 1897 431 1982 Egon
445 1895 457 1932 ⁸
476 1919 545 1982 quoe
562 1895 744 1982 Augustam
759 1896 880 1975 incolit,
904 1919 1002 1980 aqua
1017 1897 1113 1962 decisi
1133 1900 1166 1962 et
1181 1897 1274 1962 divisi
1297 1897 1383 1964 aliud

234 2023 348 2066 nomen
372 2001 434 2066 sibi
457 2006 654 2086 acceperunt,
678 2002 760 2066 sicut
782 2001 878 2064 etiam
895 2001 1037 2066 fecerunt
1052 2001 1100 2064 illi
1117 2002 1155 2067 de
1176 2000 1267 2089 Argo
1281 2003 1305 2080 ⁴,
1328 2003 1385 2086 qni

232 2129 270 2171 ex
286 2079 393 2172 eddem
416 2107 540 2172 familia
560 2107 734 2193 Egensium
751 2107 822 2170 orti.
861 2103 929 2172 Alii
944 2105 1117 2189 opinantur
1132 2105 1385 2191 Echiugerenaes

233 2210 274 2276 ab
297 2211 413 2295 oppido
438 2212 606 2296 provinoiae
633 2213 721 2276 ducis
741 2213 878 2278 Austriae
894 2211 1063 2296 Echiugen
1079 2212 1255 2298 (loningen)
1271 2215 1384 2294 dictos,

231 2316 286 2381 aed
309 2339 372 2401 quo
395 2339 470 2382 casu
491 2340 554 2382 non
579 2318 697 2384 dieunt.
744 2318 847 2384 Ceteri
877 2321 988 2382 tenent
1018 2319 1103 2403 quod
1132 2317 1251 2382 avilla
1273 2317 1381 2384 Rhae-

232 2421 286 2486 eioe
308 2443 406 2505 prope
429 2405 603 2507 (ittingem
638 2422 787 2508 Ebingen
810 2423 915 2501 diota,
948 2423 1014 2488 sint
1048 2423 1205 2488 nominati
1227 2423 1383 2511 Ehinger.

232 2527 345 2611 Sicque
368 2527 483 2592 diversi
506 2528 631 2593 diverso
654 2529 772 2608 dicunt,
797 2528 872 2614 quie
895 2527 1022 2592 familia
1043 2529 1101 2592 ills
1124 2528 1256 2613 grandis
1278 2533 1326 2596 est
1350 2535 1383 2595 et

233 2633 397 2698 nominata
419 2633 453 2696 in
476 2631 611 2712 Suevia‚
642 2634 681 2699 de
703 2635 790 2700 ouius
823 2633 949 2719 origine
983 2633 1078 2698 multi
1102 2634 1275 2714 mirantur,
1309 2635 1386 2720 quia
1512 2695 1513 2706 ff

228 2729 304 2803 ¹cum
327 2737 467 2804 babeant
488 2761 592 2804 mores
614 2761 803 2824 magnorum
820 2739 977 2804 nobilium
993 2743 1026 2804 et
1040 2739 1225 2819 illustrium,
1248 2740 1384 2806 circum-

233 2841 348 2926 spectis
378 2841 455 2906 viris
486 2844 574 2908 venit
606 2843 640 2908 in
671 2843 811 2909 dubium.
857 2843 941 2908 Sunt
971 2844 1054 2910 enim
1084 2850 1120 2910 ut
1150 2845 1184 2910 in
1212 2846 1388 2930 plurimum

234 2947 404 3031 prudentes
427 2951 459 3012 et
482 2945 680 3032 eloquentes,
704 2949 818 3014 divites
841 2953 874 3013 et
897 2949 1056 3025 liberales,
1088 2953 1233 3035 potentes
1262 2957 1295 3017 et
1323 2952 1385 3017 hu·

233 3051 320 3116 mani
343 3075 413 3136 quae
445 3057 520 3116 sunt
551 3075 622 3120 vere
656 3051 810 3118 nobilium
834 3053 1039 3120 conditiones.
1086 3055 1134 3120 De
1169 3079 1279 3124 eorum
1308 3079 1387 3143 ergo

233 3159 426 3244 originem,
451 3181 521 3243 quae
545 3181 584 3224 ex
606 3159 746 3244 antiquis
774 3157 924 3244 sigillatis
950 3159 1068 3226 litteris
1092 3163 1194 3246 accepi
1219 3168 1251 3227 et
1274 3185 1344 3247 quse
1367 3187 1387 3228 a

234 3263 412 3329 senioribus
436 3263 522 3328 illius
548 3264 676 3330 familiae
699 3264 805 3342 didici,
829 3263 974 3330 referam.
1023 3265 1060 3330 Iu
1084 3266 1196 3351 primis
1219 3259 1295 3352 ergo
1318 3269 1387 3334 siue

233 3369 433 3434 haesitatione
456 3369 537 3448 dioc,
561 3369 643 3434 hanc
665 3368 821 3434 familiam
844 3375 976 3436 vetustae
995 3371 1173 3436 nobilitatis
1190 3372 1287 3436 fore⁶
1310 3395 1385 3458 ger-

234 3497 315 3552 men,
340 3475 435 3560 longe
458 3479 532 3539 ante
555 3474 782 3558 rempublicam
805 3475 1006 3542 Ulmensium
1030 3499 1113 3541 nunc
1135 3483 1325 3558 currentem,
1349 3481 1383 3546 in

234 3581 305 3644 aliis
328 3580 453 3644 sedibus
476 3581 572 3664 longe
595 3581 770 3664 positarum
792 3581 959 3666 regionum
982 3581 1215 3648 consistentem.
1264 3583 1307 3650 Et
1330 3584 1385 3652 de-

234 3707 321 3750 mum
343 3691 415 3769 post
437 3685 569 3771 longam
599 3692 632 3752 et
664 3688 784 3751 variam
806 3690 883 3751 rote
914 3687 1023 3752 fatalis
1055 3687 1285 3754 revolutionem
1319 3689 1385 3754 suis

235 3789 395 3855 natalibus
419 3790 545 3856 sedibus
567 3791 685 3875 privati
702 3791 768 3856 Deo
791 3791 977 3876 providente
1006 3789 1104 3856 Ulmae
1127 3793 1252 3858 civitati
1275 3795 1385 3860 donati

235 3900 320 3974 snut,
344 3895 377 3959 in
402 3895 491 3961 cuius
514 3897 637 3982 gremio
659 3897 754 3962 hodie
776 3898 922 3963 resident.

803 4048 819 4087 *

310 4159 319 4208 l
343 4156 382 4212 De
402 4157 653 4226 Echingereneibns
666 4157 738 4214 Mon.
758 4160 782 4212 2.
801 4157 869 4214 Golr.
906 4159 922 4211 2
944 4157 1178 4228 EcqningerGolr.
1200 4161 1270 4216 Bess.
1300 4161 1384 4216 fuisse

237 4243 353 4298 familiae
369 4243 456 4300 Wibl.
510 4245 709 4314 3Egeribl.
728 4243 796 4300 Golr.
810 4248 878 4312 (non
892 4247 973 4314 Besa.)
1027 4245 1095 4300 lde
1114 4229 1385 4318 dgrossiberdema

239 4329 285 4384 ein
307 4330 336 4394 Ε)
357 4330 401 4384 Kl.
437 4331 472 4385 ds
490 4335 584 4400 Argen
604 4333 655 4386 hat
673 4330 772 4387 Sclrad.
791 4332 950 4402 korrigiert.
992 4333 1027 4388 de
1053 4337 1127 4403 Agro
1146 4335 1214 4392 uon.
1234 4335 1306 4390 Bess.
1350 4335 1384 4390 de

237 4434 305 4484 agro
326 4417 410 4471 Wibl.
431 4417 551 4472 Schmid
573 4421 655 4476 Woll.
675 4417 727 4474 m.
763 4421 797 4475 de
816 4437 885 4490 argo
904 4421 977 4475 Mon.
996 4423 1021 4475 2.
1093 4421 1163 4479 580
1183 4423 1250 4478 alle!
