3034 4922
775 275 840 341 230

312 468 363 507 ⁸⁸2⁵
390 447 421 514 A
442 450 553 514 morbo
576 449 627 513 vel
648 448 842 529 infirmitate,
865 470 1062 534 quacumque
1082 449 1293 514 tenebantur.-

391 554 452 619 Per
474 577 543 620 eam
566 576 691 639 quoque
713 554 831 620 femine
853 555 987 639 plurime
1010 558 1201 640 pregnantoe

391 659 439 724 De
461 665 556 744 partu
577 660 709 726 liberate
731 665 816 740 runt,
840 683 910 726 eum
933 659 1145 744 periclitantes

393 762 516 830 Nomen
540 766 606 831 cius
628 766 828 844 invocabant,
851 787 912 851 que
934 766 1043 832 statim
1066 774 1264 850 pepererunt,

394 867 619 955 Auxiliumque
641 870 775 955 virginis
798 871 949 936 citissime
970 876 1144 936 senserunt.

318 993 369 1031 σθω
396 974 539 1040 Fuerunt
560 976 594 1039 in
616 975 792 1041 carceribus
815 979 847 1041 et
868 977 901 1040 in
924 976 1059 1040 vinculis
1082 973 1200 1039 detenti

397 1078 493 1144 Multi
515 1079 570 1164 qui
592 1101 649 1164 per
670 1081 784 1146 merita
806 1079 907 1146 Maris
929 1085 1004 1146 sunt
1026 1079 1188 1164 redempti.

247 1374 349 1459 Quod
384 1399 478 1472 puer
510 1381 623 1452 natus
659 1383 717 1454 est
752 1380 797 1452 de
836 1383 987 1452 mortua
1013 1379 1135 1452 matre
1161 1397 1227 1471 per
1253 1375 1393 1448 merita

664 1502 781 1574 Maris
809 1501 974 1596 virginis.

407 1709 467 1774 Per
489 1714 617 1794 partum
639 1711 773 1795 quedam
795 1712 908 1776 mulier
923 1709 1092 1802 intantum
1113 1705 1320 1794 gravabatur,

408 1813 497 1890 Quod
521 1816 608 1900 prius
630 1815 687 1880 bec
709 1839 805 1900 quam
827 1821 952 1901 pareret
966 1817 1173 1915 pspmortem
1187 1811 1398 1896 plectebatur.

408 1920 529 1986 Mansit
550 1926 657 1986 tamen
680 1923 783 1986 adhuc
804 1944 881 2006 puer
903 1922 936 1986 in
958 1918 1153 2005 ipsiusalvo

331 2044 383 2081 0⁸³⁵
409 2024 509 2090 Vivus
531 2031 627 2112 atque
648 2027 818 2112 palpitans,
841 2027 926 2093 exitu
951 2049 1015 2092 non
1038 2023 1144 2101 salv03

409 2129 560 2196 datantes
582 2153 658 2217 ergo
681 2137 837 2198 mortuam
860 2132 1000 2198 scindere
1022 2130 1189 2231 volebantp

411 2233 458 2300 Ut
479 2258 611 2320 puerum
634 2237 805 2320 eripereut;
829 2237 883 2302 sed
905 2237 985 2302 illud
1007 2237 1199 2312 metuebant*

415 2339 449 2406 si
472 2342 713 2426 quoquomodo
735 2343 849 2408 mulier
870 2343 928 2407 hec
950 2343 1150 2419 incideretur,
1249 2392 1256 2416 r,

413 2444 593 2510 Infantulus
616 2445 649 2508 in
672 2451 762 2512 utero
783 2469 858 2512 mox
878 2447 1087 2512 suffocaretur

337 2569 388 2606 0³⁴0
414 2550 464 2614 Ex
486 2571 596 2614 cruore
618 2550 772 2628 vulneris,
796 2553 849 2618 sed
872 2551 1006 2636 quedam
1028 2551 1231 2616 obstetricum
1291 2544 1314 2611 ’κ

416 2653 473 2718 Ait
494 2653 563 2720 his:
589 2654 682 2720 »Non
705 2657 857 2722 faciamus
881 2658 1000 2722 factum
1022 2661 1088 2722 tarn
1110 2656 1269 2740 iniquum!
1313 2614 1358 2759 b

418 2759 477 2826 Sed
500 2759 637 2826 Mariam
658 2760 733 2826 Jesu
756 2766 891 2828 matrem
914 2785 1022 2828 omnes
1044 2763 1234 2839 invocemus,
1358 2774 1371 2817 t

418 2867 462 2930 Et
484 2865 550 2930 eius
571 2863 757 2930 beneficium
778 2867 888 2932 statim
910 2869 1090 2946 sentiemus,
1368 2823 1395 2937 b

418 2968 465 3036 Ut
486 2974 634 3036 nascatur
655 2971 715 3036 iste
738 2995 815 3055 puer
836 2977 964 3038 mortua
986 2973 1023 3038 de
1045 2976 1164 3050 matre3
1395 2943 1420 3104 lp

341 3095 393 3133 σω
420 3075 504 3140 Nam
526 3076 596 3160 ipsa
618 3077 709 3162 virgo
730 3077 853 3162 peperit
875 3079 996 3162 prolem
1017 3078 1085 3142 sine
1107 3080 1227 3160 patre«
1420 3114 1444 3206 p

423 3179 538 3246 Omnes
561 3203 637 3266 ergo
659 3182 820 3247 dominam
842 3181 979 3248 Mariam
1001 3182 1199 3259 invocabant,

423 3285 470 3352 Ut
492 3309 548 3372 per
570 3309 640 3352 eam
662 3287 838 3352 salvaretur
860 3293 971 3371 partus
993 3285 1178 3352 exorabant.

424 3391 541 3458 Statim
562 3392 599 3456 ad
624 3391 724 3456 Merie
745 3415 859 3458 nomen
882 3391 1059 3457 infantulus
1082 3396 1130 3456 est
1152 3395 1245 3456 uatus

425 3498 553 3564 Mortuo
576 3498 613 3562 de
635 3519 765 3582 corpore
787 3503 819 3564 et
841 3497 940 3564 Jonas
962 3497 1149 3582 appellatus.

325 3825 428 3910 Quod
457 3825 514 3896 leo
540 3821 749 3916 reportavit
776 3820 894 3892 filium
922 3816 1145 3913 paupercule
1174 3811 1350 3885 mulieris.

353 4057 404 4094 σιω
430 4034 545 4100 Mulier
566 4031 757 4117 paupercula
779 4029 914 4114 quedam
936 4033 968 4094 et
989 4027 1112 4104 devota,

431 4141 479 4204 De
502 4159 632 4202 numero
654 4135 794 4200 fidelium
818 4133 918 4198 Maris
939 4155 1063 4217 quoque
1085 4134 1171 4207 nota,

433 4244 569 4310 Unicum
592 4263 628 4306 ac
650 4241 818 4326 parvulum
840 4239 941 4304 filium
964 4237 1112 4313 habebat,

433 4349 532 4430 Quem
554 4349 587 4414 in
610 4367 687 4434 agro
710 4346 835 4432 rapiens
857 4345 906 4410 leo
928 4341 1098 4411 deferebat.
