2996 4924
786 331 828 397 80

316 527 367 564 2²20
397 507 538 594 Angelus
561 507 710 592 apparuit
731 507 795 570 illis
818 506 872 590 qni
897 505 1049 592 prebebat

394 612 506 692 Panes,
530 617 562 677 et
584 612 645 677 hoc
666 611 770 696 sepius
793 633 849 695 per
871 611 956 675 viam
978 608 1125 674 faciebat.

240 927 344 1012 Quod
373 926 511 999 bubalo
538 928 578 998 et
604 873 713 998 corve
738 923 959 997 obtulerunt
986 945 1026 996 se
1053 922 1099 996 ad
1129 921 1384 1016 mulgendum.

394 1135 628 1200 concurrerunt
649 1133 765 1199 bubale
787 1155 939 1218 cervaque
961 1132 1127 1217 prebentes

397 1242 444 1306 Ad
467 1240 673 1327 mulgendum
695 1239 803 1318 ubera,
825 1237 875 1304 lac
897 1259 988 1302 snum
1012 1237 1189 1312 offerentes,

399 1345 443 1412 Ut
464 1369 502 1411 ex
524 1345 580 1409 illo
602 1348 729 1408 sanctus
751 1342 821 1408 illes
841 1346 1014 1406 conventus
1035 1342 1223 1420 nutriretur,

318 1469 370 1508 222⁶
396 1451 490 1516 Lacte
513 1471 590 1534 puer
612 1449 708 1514 etiarn
731 1446 824 1513 Jesus
846 1447 1014 1512 foveretur.

362 1768 466 1854 Quod
481 1767 648 1850 ,arbores
676 1770 717 1839 et
742 1767 857 1840 herbe
886 1763 1097 1838 adorabant
1123 1762 1266 1836 Jesum.

398 1976 477 2042 Cum
499 1999 555 2062 per
577 1977 672 2042 silvas
695 1978 911 2043 transiverunt
932 1998 1036 2042 ramos
1058 1976 1203 2041 universe
1320 2037 1325 2046 .

397 2080 599 2147 Inclinabant
621 2083 747 2148 arbores
771 2083 809 2147 ad
832 2104 966 2167 puerum
988 2103 1145 2146 converse.

395 2186 534 2252 Arbores
557 2188 719 2252 cacumina
741 2187 897 2253 flexerunt
919 2189 1096 2266 adorantes,

396 2290 594 2357 Transeunte
616 2297 755 2357 creatore
777 2315 881 2357 ramos
904 2292 1102 2357 inclinantes.

252 2401 255 2409 “
319 2413 370 2450 sno
397 2393 564 2480 Herbeque
587 2397 733 2462 similiter
755 2397 898 2463 fecerunt
920 2397 980 2462 hoo
1003 2419 1195 2481 camporum,

396 2500 568 2586 Floresque
590 2503 778 2568 convallium
803 2508 835 2568 et
857 2505 1003 2589 gramina
1025 2506 1189 2588 pratorum

398 2603 438 2670 Se
459 2611 573 2672 cuncta
595 2606 670 2672 Jesu
694 2630 792 2692 puero
815 2608 985 2673 flectebant
1006 2607 1198 2685 inclinando,

395 2707 582 2776 Venientem
606 2711 767 2778 dominum
791 2735 883 2778 suum
906 2713 1075 2778 adorando.

477 3025 530 3098 De
559 3027 771 3099 latronibus
798 3049 891 3120 quos
921 3025 1143 3099 inciderunt.

396 3234 456 3300 Sed
479 3239 553 3320 post
574 3235 634 3300 hoc
656 3235 694 3299 ad
710 3234 813 3300 locum
830 3235 986 3320 quendam
1001 3239 1155 3300 venerunt
1169 3255 1232 3318 quo
1248 3231 1387 3297 latrones

324 3357 376 3396 urar
403 3339 573 3424 Speluncas
595 3340 656 3405 sibi
679 3338 820 3404 fecerant
842 3344 937 3424 atque
959 3341 1146 3405 mansiones.

397 3443 450 3508 Ab
471 3445 598 3528 illisque
620 3444 797 3508 latronibus
820 3444 863 3508 ibi
887 3449 962 3509 sunt
984 3445 1114 3523 detenti,

396 3549 440 3614 Et
462 3550 495 3613 in
519 3553 635 3614 sortem
658 3571 749 3614 suam
772 3551 827 3614 uni
849 3551 964 3616 cedunt
986 3551 1041 3635 qui
1064 3549 1185 3614 decenti

396 3653 531 3720 Familie
552 3656 745 3739 compatiens
768 3655 907 3740 hospitio
931 3655 1070 3741 collegit,

398 3761 446 3824 Ac
468 3761 499 3824 in
524 3761 707 3826 necessariis
729 3761 870 3845 ipsorum
892 3783 1000 3826 curam
1023 3762 1098 3845 egit.

323 3881 374 3920 ²2⁴⁰
402 3863 438 3928 ln
462 3865 540 3930 cibis
563 3869 595 3930 et
616 3866 649 3929 in
673 3866 801 3950 potibus
823 3867 908 3950 ipsos
931 3868 1093 3946 recreavit,

398 3967 446 4033 Ac
468 3969 616 4034 iumentis
640 3969 792 4054 pabulum
814 3971 903 4054 large
925 3971 1128 4050 ministravit,

399 4071 436 4138 In
459 4075 649 4140 venustitate
672 4076 760 4159 pueri
783 4075 920 4140 multum
942 4077 1114 4142 delectatus

398 4178 443 4242 Et
465 4177 539 4242 huic
561 4179 702 4242 divinum
726 4179 846 4262 aliquid
869 4179 970 4244 inesse
994 4181 1179 4264 suspicatus.

399 4281 539 4346 Tandem
562 4281 681 4366 Joseph
704 4283 811 4368 aliqua
832 4284 893 4348 sibi
920 4285 1072 4350 revelavit

322 4405 373 4444 22⁴⁶
400 4387 447 4452 De
470 4387 638 4452 sanctitate
660 4389 749 4472 pueri
773 4389 968 4474 quodamque
991 4390 1177 4474 propalavit.
