3014 4926
655 325 717 393 165

261 495 340 564 Esse
361 519 454 564 suum
476 495 579 564 filium
601 503 729 586 captum
751 503 784 566 et
805 502 949 589 concepit

260 603 329 670 Hoc
349 604 594 670 inestimabilem
616 604 721 672 anime
742 605 894 690 dolorem,

261 693 667 796 Turbataque⁰concutitur
689 712 791 778 cordis
814 736 871 799 per
892 736 1067 798 merorem
1089 709 1091 714 ’

182 833 235 876 oro
261 813 362 901 Super
376 815 481 881 sedem
503 817 624 882 corruit
646 839 753 884 emens
775 818 861 884 facta
884 823 962 902 tota,

259 919 418 987 Semiviva
440 921 538 987 iacuit
559 921 677 988 dudum
699 927 732 990 et
753 923 893 993 immota

259 1023 320 1093 Sed
342 1048 415 1092 cum
436 1049 550 1113 parum
571 1028 687 1094 virium
708 1050 838 1116 gemeus
858 1031 1036 1118 recepisset,

257 1131 303 1198 Et
323 1132 481 1218 respirans
503 1134 669 1220 paululum
691 1135 746 1201 vix
767 1137 808 1202 ad
830 1159 884 1203 cor
905 1139 1046 1221 redisset,

261 1237 394 1304 Plorans
417 1239 597 1306 aitnuntio
619 1263 792 1328 perquem
812 1244 995 1312 nuntiatum

182 1363 235 1402 caca
261 1343 346 1425 Fuit,
370 1367 463 1410 suum
484 1345 587 1412 filium
609 1345 677 1412 fore
698 1348 913 1432 captivatum:

264 1448 421 1516 »Putasne
442 1449 523 1516 mihi
544 1473 678 1536 puerum
698 1475 804 1518 meum
825 1454 1034 1523 occiderunt?

259 1553 320 1650 Vel
341 1554 402 1620 scis
424 1559 470 1635 tu,
494 1577 557 1642 quo
579 1556 746 1639 duxerunt,
771 1557 820 1624 vel
841 1559 918 1644 quid
940 1560 969 1627 ei
989 1561 1156 1631 fecerunt?

262 1658 369 1745 Atque
391 1682 463 1726 cum
485 1666 636 1746 ceperunt
658 1685 730 1728 eum
752 1685 880 1748 presens
902 1689 942 1732 ne
964 1666 1065 1750 fuisti,

258 1765 304 1832 Et
324 1765 410 1832 hunc
432 1789 531 1852 quum
553 1767 749 1834 deduxerunt
771 1768 913 1836 vinctum
935 1794 975 1838 ne
996 1773 1130 1840 vidisti?

184 1889 237 1930 uro
262 1869 361 1936 Putas
384 1893 424 1938 au
447 1872 606 1940 inveniam
628 1872 714 1939 bunc
736 1874 839 1940 adhuc
860 1877 1041 1946 urentem?

261 1976 391 2043 Vadam·
408 1981 514 2045 tamen
538 1983 575 2045 ut
595 1979 709 2046 saltem
730 2002 857 2048 cernam
882 1983 1100 2051 morientem«
1183 2025 1188 2032 -

259 2080 324 2148 Irit
346 2105 423 2170 ergo
445 2083 558 2165 Maria,
582 2105 654 2150 oum
676 2085 733 2151 ille
754 2087 919 2173 gradiente

260 2187 400 2268 Martha,
422 2189 492 2275 ipsa
512 2189 692 2274 passionem
713 2190 792 2257 lesu
814 2213 940 2278 quoque
963 2193 1068 2260 flente.

259 2293 320 2362 Sed
341 2295 433 2382 virgo
454 2300 556 2363 mator
578 2319 634 2382 per
657 2297 742 2363 viam
763 2297 903 2384 perrexit
924 2297 1081 2382 eiulando,

183 2418 234 2458 Μ
260 2399 534 2470 inconsolabiliter
556 2403 602 2469 ait
623 2403 844 2470 lamentando:

262 2505 338 2588 »Va
362 2530 401 2574 ve
421 2509 502 2576 mihi
524 2509 656 2576 misere!
680 2531 778 2596 quare
799 2531 863 2574 uon
886 2509 1041 2595 sequebar

259 2611 339 2679 Heri
360 2635 466 2679 meum
488 2635 631 2698 puerum,
653 2613 788 2699 utquid
812 2612 996 2680 detinebar!

258 2717 337 2784 Heri
360 2741 448 2786 meus
470 2717 556 2784 filius
578 2741 598 2784 a
618 2740 670 2784 me
691 2739 763 2784 oum
785 2718 922 2799 recessit,

259 2821 339 2890 Oum
361 2825 427 2891 suis
448 2823 611 2909 discipulis
632 2823 809 2890 Jerusalem
831 2823 993 2909 processit,

182 2945 235 2985 *Μ
259 2926 356 3015 Sequi
377 2934 453 2996 tunc
475 2929 654 2996 debueram.
699 2927 748 2995 Ve
769 2928 860 3011 mibi,
883 2929 976 2996 modo
999 2928 1083 2995 forte

259 3031 378 3102 Vivum
400 3057 464 3102 uon
486 3035 656 3116 inveniam,
678 3035 744 3101 iam
764 3035 849 3101 enim
871 3033 974 3101 estin
994 3039 1107 3102 morte.

260 3137 288 3205 0
310 3140 381 3226 quis
402 3139 482 3206 mihi
504 3141 617 3207 misere
638 3141 759 3207 tribuet
780 3140 886 3206 videre

127 3325 129 3332 Α
261 3241 379 3312 Vivum
400 3264 506 3313 meum
527 3245 629 3312 filium
652 3249 685 3312 et
706 3267 800 3332 super
821 3246 926 3330 ipsum
948 3244 1033 3326 llere,

260 3347 441 3437 Antequam
463 3351 516 3418 bic
538 3352 716 3418 occidatur!
761 3349 810 3418 Vs
832 3350 921 3432 mihi,
945 3349 1022 3436 quid
1043 3355 1224 3419 moramur!

182 3475 235 3516 ιω
259 3455 421 3524 Vadamus
443 3481 556 3544 parum
578 3458 681 3538 citius,
703 3479 775 3524 cum
797 3457 854 3522 illo
876 3455 1068 3522 moriamur!

261 3563 309 3630 Ve
330 3565 420 3644 mihi,
443 3586 527 3630 nunc
548 3563 609 3630 hoc
631 3561 755 3644 accidit,
778 3584 901 3649 semper
923 3563 1008 3648 quod
1031 3562 1182 3628 timebam

261 3667 343 3746 Quia
363 3669 444 3736 bene
464 3669 639 3736 Judeorum
660 3669 814 3735 invidiem
835 3667 982 3736 sciebam.

260 3775 380 3842 Contra
402 3797 507 3842 meum
530 3797 663 3862 puerum
684 3796 807 3860 semper
829 3773 890 3840 hoc
913 3773 1058 3840 futurum

263 3879 463 3968 Suspicabar,
486 3904 505 3947 s
526 3879 637 3948 Judeis
658 3881 763 3968 ipsum
785 3880 985 3946 moriturum.

187 4003 236 4043 Μ
260 3983 309 4053 Vc
329 3987 419 4067 mihi,
443 4009 517 4054 nem
539 3987 699 4053 inveniam
721 3987 806 4052 hunc
829 3984 912 4052 forte
935 4007 992 4052 nec
1014 3985 1161 4067 occisum,

260 4091 328 4159 Nec
349 4093 536 4159 concedetur
558 4093 662 4184 aditus
685 4092 725 4158 ad
746 4091 846 4177 ipsius
868 4091 981 4156 visum

265 4195 291 4263 0
313 4197 358 4264 mi
379 4197 446 4264 filil
471 4198 584 4264 saltem
608 4197 710 4263 edhuc
732 4195 829 4262 semel
851 4198 883 4261 te
905 4194 1011 4262 ridere

263 4301 390 4370 Possem
412 4307 444 4370 et
466 4303 615 4370 solatium
636 4303 698 4369 hoo
719 4303 848 4368 unicum
869 4299 996 4368 babere.

264 4407 347 4476 Nam
368 4418 395 4475 a'
408 4431 458 4478 me
480 4409 623 4478 simodo
645 4409 735 4476 virus
758 4431 822 4475 non
845 4405 1024 4488 invenieris,
