3080 4938
708 365 773 432 25'

153 541 295 608 ministri
310 541 369 606 Dei
392 541 498 606 devoti
513 547 707 608 manserunt.
754 543 895 608 Tandem
910 546 1017 607 autem
1031 543 1185 628 religione
1200 546 1304 629 tepes-

155 653 246 714 cente
268 651 301 712 et
315 647 449 712 seculari
465 671 582 733 pompa
597 649 629 713 in
645 649 808 715 monachis
824 651 991 728 crescente,
1014 646 1081 712 Deo
1101 648 1304 731 permittente

156 753 259 838 tepuit
282 755 315 817 in
339 751 544 818 Ulmensibus
566 776 654 820 amor
676 760 709 820 et
732 755 863 820 affectus
886 776 923 820 ac
944 752 1124 819 obedientia
1139 754 1179 818 ad
1193 775 1303 819 mona·

153 857 229 924 chos
251 857 342 937 illos,
365 858 516 924 videbant
546 860 629 924 enim
661 861 745 945 quod
777 861 815 925 de
845 859 937 925 bonis
966 880 1075 924 eorum
1103 859 1303 924 nutriebatur

155 961 303 1047 superbia
334 985 407 1028 cum
436 963 610 1030 multorum
640 967 798 1032 scandalo.
854 964 947 1030 Unde
981 963 1134 1028 abbates¹
1166 963 1215 1028 illi
1247 964 1304 1029 illo

155 1072 297 1152 tempore
328 1068 453 1153 magnis
483 1071 663 1154 sumptibus
694 1093 714 1136 a
746 1071 819 1136 sede
849 1069 1023 1155 apostolica
1053 1069 1305 1153 impetraverunt

156 1171 352 1258 pontificalia
374 1173 514 1259 insignia
536 1197 633 1260 supra
654 1197 728 1241 suas
751 1175 935 1261 dignitates,
958 1178 1069 1240 contra
1091 1173 1176 1258 quod
1198 1177 1304 1238 tamen

154 1281 284 1342 sanctus
307 1277 531 1358 chhardus,
558 1280 613 1364 qui
642 1279 707 1345 illis
731 1280 927 1366 temporibus
960 1279 1063 1344 adhuc
1092 1279 1126 1342 in
1155 1277 1304 1342 humanis

153 1387 233 1462 erat,
255 1382 359 1448 multa
380 1382 517 1467 scripsit,
542 1385 619 1449 dicit
641 1387 744 1451 enim:
767 1385 802 1451 Si
825 1386 1002 1452 attenditur
1024 1406 1130 1449 rerum
1151 1383 1302 1469 dignitas,

154 1488 237 1552 hanc
258 1485 408 1554 monachi
429 1487 580 1554 abhorret
602 1489 775 1574 professi03
799 1491 826 1555 si
848 1487 1088 1555 ministerium²
1112 1489 1188 1553 solis
1202 1488 1304 1574 liquet

154 1613 329 1677 congruere
356 1592 562 1677 pontificibus
593 1598 650 1660 eto.
685 1594 756 1660 vide
786 1596 820 1660 in
850 1594 977 1678 speculo
1007 1592 1166 1658 historiali
1193 1593 1248 1657 lib.
1273 1593 1303 1657 2.

156 1721 182 1766 c.
209 1699 260 1764 89.
306 1695 400 1764 Unde
422 1699 554 1764 abbates
577 1697 743 1778 infulatos,
765 1721 968 1783 nequaquam
991 1719 1061 1784 ego,
1085 1697 1139 1763 sed
1162 1695 1303 1762 Joannes

153 1804 188 1868 in
203 1802 353 1868 decretali
369 1804 419 1886 (nt
434 1805 624 1888 apostolica,
641 1804 679 1868 dc
696 1803 798 1888 privil.
822 1803 844 1867 l.
861 1803 907 1886 6.)
938 1803 1083 1867 nominat
1105 1803 1211 1866 asinos
1233 1823 1303 1867 cor-

153 1913 265 1988 nutos,
297 1909 402 1974 dicens
425 1931 478 1974 eos
506 1909 578 1974 ideo
599 1931 664 1974 non
694 1931 785 1993 posse
809 1929 952 1973 exercere
982 1907 1089 1971 officia
1111 1905 1303 1990 pontificalis

154 2013 285 2080 ordinis.
331 2012 405 2079 Ideo
428 2015 604 2100 vulgariter
620 2015 747 2093 dicitur,
770 2014 855 2100 quod
870 2013 938 2078 haec
952 2012 1093 2098 insignia
1108 2011 1304 2096 pontificalia

156 2120 191 2184 in
208 2119 280 2184 istis
295 2117 435 2204 praelatis
451 2123 577 2185 tantum
593 2125 775 2205 operantur,
799 2123 956 2205 quantum
978 2117 1011 2182 in
1028 2118 1123 2182 mulis
1139 2117 1302 2202 genitalia,

153 2223 231 2310 quia
253 2223 355 2290 licet⁸
379 2224 530 2306 habeant,
553 2229 659 2290 tamen
683 2247 748 2291 non
771 2229 943 2310 generant,
966 2225 1012 2289 sic
1034 2245 1091 2288 nec
1113 2222 1169 2287 isti
1192 2221 1303 2286 infulis
1381 2285 1384 2294 ,

151 2328 297 2395 coronati
319 2327 524 2394 fructificant.
571 2327 740 2416 Emergo,
772 2330 812 2394 ad
835 2329 1052 2414 propositum,
1084 2327 1118 2392 in
1151 2327 1217 2392 dies
1248 2349 1303 2392 ex·

152 2433 261 2520 pensis
284 2434 498 2500 crescentibus
519 2435 703 2500 crescebant
718 2435 894 2500 necessario
910 2433 1088 2498 exactiones
1104 2431 1303 2497 subditorum
1427 2457 1430 2463 ¹

153 2543 187 2604 et
202 2539 390 2624 gravamina
404 2539 557 2619 indebita,
574 2541 657 2605 unde
673 2538 841 2606 Ulmenses
857 2539 981 2604 onerati
995 2558 1121 2622 gemere
1139 2541 1305 2621 coeperunt

152 2649 187 2710 et
210 2644 249 2710 de
271 2643 457 2710 excutiendo
480 2645 557 2731 iugo
580 2645 637 2711 illo
659 2645 744 2711 inter
766 2667 800 2710 se
822 2647 1058 2721 tractaverunt,
1088 2643 1164 2729 quia
1195 2645 1303 2707 tumen

152 2749 327 2835 prudentes
342 2754 443 2830 erant,
468 2773 531 2816 non
548 2750 655 2815 subito
670 2750 724 2815 sed
740 2749 895 2834 paulatim
915 2747 1097 2813 libertatem
1112 2747 1305 2832 quaesierunt

151 2877 227 2922 cum
248 2855 389 2920 amicitia
412 2877 543 2921 suorum
559 2855 768 2920 dominorum.
814 2853 914 2919 Porro
930 2852 1024 2918 ambo
1040 2851 1096 2917 illa
1110 2851 1304 2917 monasteria

154 2957 345 3025 Bebahusen
369 2964 402 3024 et
424 2959 514 3026 Ouia
536 2960 568 3024 in
592 2961 658 3026 dies
681 2959 903 3026 decrescebant
916 2958 950 3022 in
965 2955 1204 3042 temporalibus,
1228 2955 1304 3041 quia

152 3063 335 3148 spiritualia
357 3064 421 3130 iam
443 3065 497 3128 diu
520 3065 679 3130 desierant
701 3065 830 3142 florere,
854 3063 936 3127 unde
958 3062 1060 3128 coacti
1079 3059 1210 3125 abbates
1232 3061 1304 3125 iura

152 3191 213 3234 sua
234 3168 440 3236 Ulmensibus
462 3169 618 3254 paulatim
637 3171 771 3236 vendere
793 3173 967 3254 caeperunt.
1013 3167 1170 3232 Emorunt
1197 3168 1304 3230 autem

152 3272 323 3340 Ulmenses
346 3275 448 3358 primo
472 3275 579 3340 omnia
601 3276 673 3340 iura
695 3275 821 3340 abbatis
844 3274 882 3338 de
906 3271 1094 3338 Bebshusen
1117 3273 1149 3334 et
1175 3268 1303 3334 habita-

154 3379 259 3443 tiones
275 3399 383 3444 comm
400 3387 432 3444 et
447 3379 572 3460 collare,
595 3383 627 3444 et
649 3401 686 3444 ea
701 3379 735 3444 in
759 3401 851 3444 usum
872 3377 1053 3463 reipublicae
1068 3378 1301 3455 converterunt,

152 3483 263 3548 omnia
284 3483 481 3549 destruentes
504 3487 620 3566 praeter
642 3483 816 3563 ecclesiam,
840 3503 910 3567 quar
933 3480 1036 3545 adhuc
1058 3479 1153 3545 hodie
1175 3459 1362 3544 dominoltl'
1375 3459 1408 3539 id

154 3588 195 3653 de
219 3585 426 3674 Wirtenberg
450 3588 581 3666 attinet,
616 3589 671 3672 qui
702 3588 752 3652 ius
783 3589 971 3672 patronatus
993 3607 1013 3650 s
1035 3582 1198 3650 monachis
1220 3605 1304 3667 prae·
1364 3571 1369 3582 ’

157 3693 252 3758 dictis
275 3693 361 3758 emit.
408 3691 445 3758 ln
461 3693 518 3758 illo
533 3697 641 3758 autem
656 3697 821 3758 contractu
836 3690 1038 3757 Ulmensium
1054 3711 1125 3754 oum
1140 3689 1304 3766 monachis

155 3798 221 3864 duo
244 3798 453 3864 intendebant
475 3797 599 3864 efficere
621 3797 798 3877 Ulmenses,
821 3795 984 3881 primum*
1009 3794 1093 3880 quod
1109 3815 1219 3860 eorum
1233 3794 1304 3858 iura

156 3907 192 3969 et
214 3902 298 3968 bona
320 3903 354 3967 in
376 3903 516 3968 civitatis
549 3903 694 3970 venirent
723 3926 816 3970 usum
838 3906 870 3967 et
892 3904 1100 3987 potestatem:
1133 3899 1305 3966 secundum

720 4044 737 4084 *l*

230 4155 242 4208 l
264 4153 390 4210 Abbatca
408 4153 525 4209 infulati
544 4153 617 4211 Mon.
640 4154 654 4208 1
674 4171 720 4209 am
739 4153 835 4209 rande.
871 4151 1072 4222 mysterium
1092 4149 1205 4206 varians
1223 4147 1306 4204 lectio

154 4241 200 4298 bei
212 4241 333 4300 Goldast
346 4245 386 4297 ut.
404 4243 447 4310 (er
464 4241 522 4296 und
535 4241 591 4296 alle
604 4241 818 4298 handscbrilten
829 4239 921 4296 haben
941 4237 1145 4308 ministerium).
1206 4237 1222 4290 3
1240 4235 1307 4306 quia

156 4333 225 4386 tcta
243 4331 352 4386 babent
371 4329 459 4384 Wibl.
507 4328 646 4399 thucd
672 4329 744 4398 ipsos
768 4327 917 4384 monachos
936 4325 1114 4382 excluderent
1139 4341 1156 4378 a
1179 4321 1307 4380 civitate.

155 4421 183 4476 ll
201 4420 275 4490 quod
294 4435 391 4474 corum
411 4417 473 4472 iura
492 4434 522 4471 u.
541 4435 561 4470 s.
582 4435 614 4472 w.
634 4413 734 4474 Sohud.
755 4417 799 4472 lll.
819 4415 910 4472 Schm.
931 4413 980 4470 lib.
1001 4412 1085 4468 Wibl.
