2996 4924
642 389 685 454 49

173 580 222 618 ¹2⁸⁶
248 561 293 626 Et
314 561 418 647 puelle
440 565 507 628 tam
530 561 661 628 honeste
683 566 751 658 tam
773 563 868 649 digne
890 566 1034 630 sociarer.

77 656 85 670 ’
248 667 319 753 Ego
341 669 492 733 miseret
514 667 655 732 abiectus
678 669 773 734 nimis
796 691 859 734 non
882 693 951 734 snm
974 670 1099 756 dignus,

245 771 324 838 Tam
347 775 455 836 sancte
477 771 672 856 virginitatis
696 772 816 838 violare
838 774 972 859 pignum

245 877 379 963 ngoque
402 881 569 963 provectus
592 900 662 941 sum
685 881 768 942 etate
790 878 856 942 iam
879 877 981 957 senili,

245 980 297 1047 Me
319 1003 383 1048 non
406 983 494 1048 decet
515 983 656 1068 copulari
679 982 783 1067 puelle
804 983 943 1049 iuvenili.

98 1209 145 1282 De
181 1211 349 1284 oratione
383 1209 526 1306 loseph
561 1231 647 1283 cum
684 1217 879 1305 cogeretur
907 1211 1063 1286 Mariam
1101 1211 1234 1286 ducere

544 1333 585 1406 in
611 1356 777 1408 uxorem.

168 1527 218 1564 uu
243 1507 304 1574 Sed
327 1529 399 1574 eum
421 1527 493 1572 cum
515 1507 681 1592 pontifices
702 1511 734 1572 et
755 1509 890 1593 populus
913 1509 1054 1574 diversus

245 1612 486 1698 Compellarent,
510 1613 667 1698 suscipere
689 1612 834 1693 Mariam,
857 1618 906 1678 est
926 1635 1095 1679 conversus

248 1717 297 1783 Ad
319 1717 495 1783 orationem
517 1739 617 1797 suam,
640 1721 673 1782 et
695 1716 787 1782 deum
809 1719 987 1797 invocabat,

245 1823 293 1887 Ac
314 1845 386 1888 cum
409 1823 518 1888 multis
539 1823 677 1888 lacrimis
700 1823 805 1889 dicens
828 1825 886 1890 hec
907 1824 1034 1890 orabat:

247 1927 350 1993 »Deus
372 1928 431 1994 celi
454 1927 608 2008 conditor,
631 1929 802 2014 mundique
824 1933 956 2008 creator,

171 2052 221 2089 1²⁹⁶
246 2033 290 2098 Et
311 2032 443 2098 humani
465 2031 590 2118 generis
611 2033 746 2098 clemens
769 2033 973 2118 gubernator,

245 2135 293 2202 Tu
316 2138 354 2202 de
376 2138 453 2202 limo
475 2142 558 2202 terre
581 2138 718 2223 primum
740 2138 900 2204 hominem
923 2137 1046 2216 creasti,

245 2240 374 2306 Necnon
399 2241 485 2306 hunc
506 2243 539 2306 in
562 2242 709 2328 paradiso
731 2247 787 2308 tuo
809 2243 991 2332 collocasti3

245 2345 292 2411 De
314 2351 403 2412 costa
424 2343 485 2410 sibi
508 2345 660 2412 feminam
682 2347 823 2411 formans
845 2347 982 2426 sociasti,

244 2449 290 2516 Ut
311 2452 349 2517 de
371 2475 404 2516 se
425 2473 526 2537 genus
548 2451 715 2516 hominum
738 2451 960 2536 multiplicent,
984 2451 1162 2529 mandasti;

244 2661 291 2724 Ac
312 2661 468 2726 immunes
491 2685 510 2726 a
531 2667 658 2746 peccato
681 2661 800 2748 prolem
823 2661 1027 2747 parturirent,

243 2763 302 2830 Sed
324 2766 385 2832 hoc
406 2767 501 2852 primi
523 2768 728 2852 perdiderunt
748 2767 981 2853 cyrographum
1005 2771 1161 2851 parentes,

243 2870 303 2936 Per
324 2873 609 2959 transgressionem
632 2897 722 2938 suam
744 2877 907 2958 peccatum
929 2873 1123 2938 inducentes.

242 2977 294 3041 Ab
315 2977 375 3042 hoc
398 2981 504 3044 autem
528 3001 577 3043 me
599 2981 727 3063 peccato
749 2977 894 3043 volebam
916 2981 1101 3062 temperare,

168 3099 217 3138 1³⁰⁶
243 3081 287 3146 nt
308 3105 359 3147 me
381 3083 485 3148 carnis
508 3083 672 3168 voluptate
694 3106 758 3148 non
780 3083 993 3168 coinquinare.

242 3187 399 3253 Ammodo
422 3189 582 3273 proposui,
606 3211 670 3254 non
692 3211 806 3273 corpus
829 3187 986 3252 maculare

242 3292 368 3358 Camali
390 3293 532 3374 libidine,
555 3293 609 3357 sed
632 3293 782 3358 mundam
803 3313 987 3357 conservare

241 3395 324 3462 Vovi
346 3419 449 3463 meam
472 3398 611 3462 animam
634 3401 763 3482 propter
785 3401 817 3462 te
839 3401 971 3476 creator,

242 3502 327 3568 Deus
349 3503 403 3589 qui
426 3503 581 3568 munditie
603 3525 727 3588 semper
748 3487 781 3567 es
804 3506 936 3567 amator.

165 3626 217 3664 ¹³¹⁰
240 3605 345 3694 Igitur
366 3613 399 3673 te
421 3607 570 3693 deprecor
592 3613 629 3672 ut
651 3631 701 3674 me
724 3607 858 3672 liberare

241 3711 337 3794 Velis,
360 3713 408 3778 ita
429 3713 514 3798 quod
535 3735 599 3777 non
622 3733 719 3798 cogar
740 3711 823 3777 hanc
845 3715 987 3776 sanctam
1010 3709 1129 3774 violare

241 3817 417 3904 Virginem,
440 3841 502 3904 que
524 3818 685 3902 speculum
708 3817 807 3882 totius
828 3817 985 3881 castitatis

243 3921 301 3988 llst
323 3927 355 3988 et
377 3924 608 4006 receptaculum
631 3945 704 3987 vere
726 3922 883 3988 deitatis«

93 4135 192 4222 Quod
221 4145 371 4236 angelus
399 4143 640 4232 confortabat
666 4140 804 4236 doseph
833 4143 873 4213 et
902 4140 1128 4214 hortabatur
1148 4139 1226 4212 Ma-

345 4341 351 4353 ,
395 4265 489 4337 riam
518 4265 652 4338 ducere
680 4265 718 4336 in
746 4286 912 4337 uxorem.

245 4441 330 4511 'luno
351 4445 482 4532 angelus
505 4447 654 4531 apparuit
675 4447 731 4532 qui
752 4399 976 4550 cbnsolabatur
1001 4545 1018 4598 4

144 4567 200 4610 vra·
216 4563 290 4606 nun
