2996 4924
94 1451 252 1548 Explicit
278 1451 372 1527 liber
397 1453 541 1548 primus
570 1452 615 1527 de
643 1453 723 1526 vite
750 1453 908 1548 gloriose
929 1452 1085 1548 virginis
1107 1453 1235 1527 Merie.

339 1575 475 1671 Incipit
501 1576 677 1671 prologus
704 1576 744 1648 in
772 1579 986 1650 secundum.

225 1767 457 1852 'Evangelista
478 1765 636 1832 Johannis
659 1767 777 1852 scripta
799 1770 1026 1850 protestantur,

248 1873 339 1950 Quod
360 1871 463 1937 multa
482 1872 576 1958 signa
595 1871 707 1937 fecerit
728 1870 821 1937 Jesus
844 1893 905 1956 que
928 1893 991 1938 non
1014 1873 1193 1940 scribantur

171 1997 222 2035 ¹⁴⁸⁰
249 1975 381 2062 Scriptis
402 1978 436 2042 in
459 1978 643 2055 autenticis;
666 1999 723 2062 per
745 1997 817 2042 eum
839 1980 946 2042 tamen
968 1977 1054 2043 facta

250 2082 332 2150 Sunt
353 2081 491 2168 plurimu
513 2082 675 2168 magnalia
699 2104 759 2167 que
782 2103 938 2167 nusquam
961 2086 1037 2149 sunt
1058 2083 1184 2150 redacta

249 2186 287 2253 In
309 2186 399 2252 libris
422 2187 621 2272 evangelicis,
650 2187 705 2272 qui
728 2191 833 2252 tamen
856 2191 1030 2271 posuerunt

250 2291 387 2377 Tempus
409 2293 633 2378 predicationis
638 2293 732 2386 ,eius
755 2295 789 2358 et
810 2292 1006 2377 scripserunt

250 2397 395 2463 Virtutes
417 2401 450 2462 et
470 2397 625 2462 miracula
648 2419 729 2482 quae
751 2397 854 2464 solum
875 2397 1013 2464 faciebat

174 2522 223 2560 κω
250 2501 365 2568 Tribus
387 2503 489 2582 annis,
512 2525 585 2568 cum
607 2503 641 2568 in
662 2503 780 2570 mundo
802 2503 956 2587 populum
977 2503 1119 2584 docebat,

250 2607 358 2673 Etiam
379 2607 581 2674 nativitatem
603 2608 671 2674 eius
691 2607 911 2687 describentes,

253 2710 389 2798 Reliqua
410 2733 472 2798 que
493 2713 565 2798 pius
587 2711 680 2778 Jesus
702 2712 779 2778 fecit
800 2713 1025 2779 ommittentee.

251 2817 303 2882 nd
325 2839 444 2882 annum
463 2840 538 2883 nam
560 2817 742 2887 vicesimum
763 2839 883 2886 nonum
905 2818 951 2882 nil
973 2818 1167 2901 scripserunt

252 2921 299 2987 De
320 2943 379 2988 sua
400 2921 599 2988 sanctissima
619 2922 695 3000 uite,
719 2943 793 2986 uam
815 2921 975 2988 sciverunt

181 3045 230 3084 uro
255 3027 406 3094 Sufficere
427 3048 485 3111 pro
507 3027 581 3092 fidei
603 3026 852 3106 confirmatione,

256 3131 347 3209 Quod
368 3131 407 3197 de
428 3153 486 3198 sua
508 3130 681 3198 scriberent
703 3132 924 3216 predicatione.

254 3237 374 3304 Tamen
395 3236 501 3302 nullus
524 3235 660 3316 dubitat,
683 3236 761 3320 quin
782 3234 876 3301 Jesus
897 3237 1000 3302 multe
1022 3237 1115 3322 signa

254 3342 400 3410 Virtutes
423 3347 455 3408 et
476 3342 630 3408 miracula
652 3341 764 3408 fecerit
786 3363 847 3426 que
869 3341 967 3426 digna

254 3447 374 3516 Forent
394 3447 434 3514 ad
456 3447 697 3514 instructionem
718 3445 884 3512 hominum
907 3447 1074 3531 scriptura.

181 3572 231 3610 κω
255 3552 429 3638 Multisque
450 3552 595 3618 fidelibus
617 3551 771 3637 posthoc
793 3574 850 3636 pro
872 3550 991 3630 futura,

255 3657 293 3724 In
315 3657 525 3724 adolescentia
546 3657 611 3724 sive
633 3657 807 3736 iuventute,

256 3763 330 3830 Non
352 3761 470 3830 mansit
490 3760 584 3828 Jesue
607 3763 675 3828 sine
696 3763 797 3848 signis
819 3781 998 3846 magnaque
1021 3761 1147 3826 virtute.

257 3869 307 3934 Er
329 3867 460 3934 diversa
481 3889 557 3954 ergo
580 3866 670 3936 libris
692 3868 877 3952 diversaque
898 3865 1013 3950 collegi

257 3973 300 4039 Et
320 3973 354 4038 in
375 3994 475 4037 unum
497 3994 575 4056 opus
597 3972 673 4036 stilo
695 3972 862 4038 rudissimo
885 3970 1001 4056 redegi,

187 4095 235 4134 ¹⁶⁰⁰
259 4075 305 4145 Ut
327 4099 364 4144 ex
387 4077 561 4164 evangelio,
585 4077 670 4162 quod
691 4075 905 4143 Nazareorum
1009 4115 1016 4128 ·

260 4167 410 4260 Vocatur,
434 4185 466 4247 et
487 4203 525 4246 ex
546 4181 607 4246 hoc
630 4182 713 4266 quod
735 4185 783 4246 est
805 4181 925 4246 dictum
949 4179 1153 4260 Hebreorum,

262 4285 350 4362 Quod
371 4291 497 4354 sanctus
518 4286 700 4354 ieronimus
721 4287 819 4352 scitur
841 4283 1050 4362 transiluisse,

255 4389 305 4458 ·Et
325 4393 444 4461 nullam
465 4391 511 4462 ibi
533 4393 706 4462 falsitatem
728 4392 882 4462 credimus
904 4389 1066 4478 scripsisse

755 4659 762 4697 l
