3080 4938
705 358 745 424 51

98 551 102 558 ·
147 535 293 602 scindens
316 541 434 602 terram
458 536 589 603 suffodit
611 539 643 600 et
664 533 787 618 recipit.
833 531 907 598 Non
923 537 1029 598 autem
1046 533 1141 598 simul
1156 539 1189 599 et
1204 533 1300 600 semel

147 643 256 706 omnia
277 644 341 708 tria
363 643 496 708 flumina
513 643 662 719 fremunt,
686 641 713 704 si
729 641 813 704 enim
828 640 935 704 omnia
949 639 1013 704 tria
1028 639 1124 704 simul
1139 642 1298 720 saevirent,

145 770 210 813 non
245 750 337 813 credo
370 771 461 832 posse
490 749 652 813 civitatem
683 745 858 810 ulmensem
889 767 1025 810 manere.
1071 744 1206 830 Propter
1237 745 1299 810 ista

147 852 282 918 flumina
304 854 411 919 nullus
435 853 610 918 Alemaniae
633 852 778 936 princeps
802 854 909 934 posset
932 873 1000 914 eam
1024 851 1187 916 civitatem
1206 850 1297 916 suffi-

147 957 243 1022 cienti
260 958 434 1024 vallatione
450 957 593 1022 obsidere
605 979 663 1021 suo
675 955 826 1032 exercitu,
842 955 917 1039 quia
933 978 1002 1019 eam
1015 955 1162 1021 obsidens
1174 979 1299 1022 necesse

146 1067 228 1128 esset
248 1068 286 1128 ut
308 1064 411 1128 tribus
435 1061 615 1148 legionibus
639 1083 708 1126 eam
731 1059 838 1138 vallet,
862 1083 919 1125 neu
943 1065 1049 1144 potest
1071 1084 1135 1126 una
1150 1063 1234 1146 legio
1258 1063 1298 1126 ad

146 1167 242 1234 aliam
266 1171 382 1249 venire,
406 1173 438 1234 et
460 1168 487 1232 si
511 1173 653 1251 tempore
676 1165 849 1230 obsidionis
872 1165 1040 1230 inundatio
1063 1166 1171 1247 fieret,
1195 1168 1297 1251 ipsam

146 1273 342 1338 obsidionem
366 1273 488 1338 solvere
511 1294 636 1336 necesse
658 1270 752 1336 foret.
798 1267 932 1354 Insuper
947 1275 1062 1354 praeter
1077 1293 1177 1355 aquas
1193 1272 1296 1336 deleo·

145 1377 240 1442 tabili
262 1378 431 1442 latitudine
451 1400 508 1463 per
530 1399 645 1462 gyrum
669 1376 773 1439 cineta
795 1379 843 1440 est
866 1373 973 1454 Ulma,
997 1398 1016 1439 a
1040 1379 1178 1460 quatuor
1193 1375 1297 1463 plagis

146 1483 228 1548 latas
252 1484 351 1548 valles
373 1483 504 1562 habens,
528 1505 603 1546 nam
628 1482 667 1545 ab
691 1481 813 1546 oriente
836 1485 868 1544 et
891 1481 1051 1545 occidente
1068 1481 1182 1546 vallem
1198 1505 1298 1548 amm·

144 1588 309 1652 nissimam
332 1588 472 1652 Danubii
495 1587 602 1666 habet,
627 1587 667 1650 ab
684 1585 832 1670 aquilone
848 1590 954 1650 autem
970 1585 1085 1650 vallem
1101 1587 1218 1666 Blauii,
1242 1588 1298 1672 qui

145 1714 202 1776 per
224 1693 439 1758 amenissima
461 1715 538 1757 arva
552 1693 678 1770 decidit,
703 1696 735 1756 et
751 1693 790 1755 ab
807 1695 916 1756 austro
933 1691 1046 1756 vallem
1068 1691 1297 1757 fertilissimam

147 1796 271 1881 Hylari,
294 1797 378 1862 inter
401 1798 594 1863 occidentem
617 1801 724 1862 autem
748 1801 780 1861 et
802 1797 984 1881 aquilonem
1007 1798 1109 1861 sancti
1132 1797 1297 1863 Michaelis

144 1907 287 1967 montem
321 1903 519 1968 fructuosum
551 1908 583 1968 et
612 1903 798 1966 solatiosum
831 1901 947 1980 habet,
980 1907 1017 1966 ut
1047 1907 1133 1967 terra
1165 1901 1297 1968 Ulman-

144 2009 188 2072 sis
221 2029 285 2074 non
320 2010 362 2073 sit
395 2009 494 2073 nimia
525 2008 694 2072 latitudine
725 2007 875 2086 taediosa,
905 2029 962 2072 neo
994 2007 1093 2072 nimia
1120 2010 1296 2073 montuosi-

144 2117 212 2180 tate
244 2119 390 2199 angusta.
436 2113 480 2178 Et
508 2117 633 2178 tantum
656 2113 694 2178 de
717 2112 865 2177 exteriori
895 2113 999 2176 lorma
1030 2116 1063 2177 et
1091 2113 1297 2197 dispositione

144 2219 294 2284 civitatis.

240 2323 314 2388 ἈΒ
337 2327 423 2388 intra
445 2329 493 2388 est
516 2323 628 2388 civitas
651 2345 793 2404 amoena,
824 2323 915 2408 aquis
937 2323 1076 2409 irrigua,
1107 2347 1170 2389 non
1193 2326 1297 2391 solum

95 2485 97 2492 .
145 2429 394 2509 accurrentibus,
418 2429 582 2494 sedetiam
608 2451 646 2493 ex
662 2430 754 2493 eorde
769 2429 908 2494 civitatis
932 2430 1165 2506 emanantibus,
1189 2435 1225 2494 ut
1247 2436 1295 2496 est

144 2535 216 2600 fons
240 2535 444 2619 antiquarum
468 2539 695 2609 cannarumet
718 2534 816 2618 putei,
840 2535 895 2618 qui
917 2557 982 2599 non
1005 2557 1103 2619 aquas
1126 2535 1163 2600 de
1186 2533 1295 2620 pluvia

146 2639 294 2706 collectas
317 2641 448 2720 habent,
473 2640 526 2705 sed
549 2640 587 2705 de
610 2639 699 2705 venis
721 2644 815 2704 terrae
838 2641 1034 2719 scaturiunt,
1058 2641 1140 2706 unde
1162 2645 1295 2726 puteum

145 2748 201 2830 qni
223 2751 272 2811 est
294 2748 327 2811 in
351 2746 475 2811 ambitu
496 2744 632 2810 fratrum
660 2745 904 2810 Praedicatorum
935 2767 1026 2810 nemo
1057 2768 1199 2830 unquam
1220 2769 1295 2811 eva·

145 2875 239 2918 auare
261 2856 377 2936 potest,
400 2852 476 2936 quia
499 2856 657 2936 quantum
679 2850 869 2929 extrahitur,
893 2855 1020 2914 tantum
1042 2856 1172 2936 repente
1187 2852 1295 2916 influit

145 2981 182 3024 ex
206 2955 315 3022 fundo.

233 3060 329 3127 Vieos
351 3061 449 3126 habet
472 3059 571 3125 Ulma
593 3059 676 3124 latos
699 3082 764 3125 non
786 3060 984 3139 tenebrosos,
1015 3066 1047 3126 et
1069 3062 1178 3126 domos
1202 3061 1294 3141 altas,

144 3167 268 3255 ligneas
291 3173 328 3232 ut
350 3168 384 3232 in
406 3168 596 3252 plurimum,
630 3168 705 3251 quia
731 3167 851 3250 lapides
884 3190 948 3230 uon
971 3171 1045 3230 sunt
1067 3167 1112 3230 ibi
1136 3167 1197 3230 nisi
1220 3169 1295 3250 igne
1355 3253 1357 3260 Α

146 3273 236 3340 aootr'.
276 3272 402 3338 Plateas
417 3272 514 3338 habet
527 3272 608 3336 latas
621 3275 685 3336 tres
698 3272 897 3356 principales
913 3271 1033 3336 seilicet
1044 3276 1145 3336 totam
1156 3271 1295 3355 plateam

146 3382 220 3443 ante
231 3377 432 3457 Praetorium,
448 3381 481 3441 et
492 3377 630 3460 plateam
643 3375 825 3455 vinariam²,
842 3381 874 3441 et
888 3378 1027 3461 plateam
1043 3381 1116 3441 ante
1131 3376 1295 3441 ecelesiam

146 3483 248 3548 beatae
272 3483 435 3568 Virginis;
467 3483 530 3546 alia
553 3485 601 3546 est
622 3482 729 3566 platea
751 3504 925 3568 granorum
948 3483 997 3548 vel
1021 3483 1202 3561 bladorum,
1232 3482 1294 3546 alia
1307 3474 1383 3554 sif’ib

145 3589 251 3674 platea
273 3610 427 3672 equorum
450 3590 482 3651 in
507 3609 602 3652 arena
624 3587 714 3650 iuxta
743 3592 870 3670 portam
895 3587 1069 3666 Amanum,
1103 3588 1166 3652 alia
1189 3589 1294 3672 platea

32 3715 37 3726 ·
146 3693 340 3758 viridorum³
365 3693 455 3757 iuxta
470 3691 705 3780 Praedioatorea
729 3696 786 3757 eto.
834 3691 901 3758 Neo
916 3715 1038 3776 semper
1054 3694 1101 3758 ita
1123 3694 1195 3771 fuit,
1219 3715 1293 3758 nam

143 3800 250 3883 platea
274 3802 347 3864 anta
370 3797 498 3862 domum
521 3795 693 3862 Consulum
716 3801 791 3861 ante
813 3819 930 3880 paucos
946 3820 1046 3862 annos
1062 3797 1172 3862 multis
1192 3799 1293 3863 dorni-

143 3905 203 3970 bus
226 3909 259 3970 et
280 3907 492 3969 mercatorum
515 3903 639 3988 pategis
663 3907 817 3986 occupata
838 3903 917 3982 fuit,
951 3907 983 3968 et
1002 3904 1036 3968 in
1058 3904 1127 3968 loco
1149 3905 1206 3968 nbi
1227 3909 1293 3969 stat

144 4011 207 4076 iam
224 4008 296 4076 fons
313 4009 346 4074 in
362 4009 468 4093 platea
490 4007 627 4072 Piscium
644 4007 656 4044 ⁴
681 4008 770 4072 stetit
793 4007 869 4072 olim
892 4009 1003 4073 domus
1019 4009 1078 4073 sub
1100 4031 1163 4091 qua
1178 4011 1293 4074 vende-

709 4169 727 4208 *

217 4269 372 4326 llnterior
390 4273 506 4326 ornatus
525 4287 571 4324 am
589 4269 677 4324 rande
696 4271 767 4327 Mon.
795 4269 816 4322 l.
860 4269 980 4324 Interior
998 4271 1121 4325 ornatus.
1156 4269 1294 4324 abiatra

144 4357 243 4414 Sohad.
262 4357 306 4412 Kl.
378 4357 467 4412 2Der
486 4355 626 4412 Weinhof.
690 4355 880 4412 3viridorum
900 4358 972 4413 Mon.
994 4361 1005 4411 l
1027 4357 1154 4412 undalle
1172 4357 1293 4420 andorm

143 4446 181 4502 ist
199 4445 249 4501 cler
268 4445 419 4502 Grdnehot
492 4447 506 4499 4
527 4445 581 4500 Der
600 4444 783 4500 Fischnrarlrt.
