2996 4924
787 333 828 406 32

390 513 450 584 Sed
473 519 542 583 erat
563 516 725 596 tornatile,
748 516 859 581 decens
883 519 915 580 et
938 519 1094 592 erectum3

390 622 504 709 Neque
526 623 588 687 fuit
611 622 738 707 gracile,
761 643 818 686 nec
841 622 941 686 macie
963 621 1157 697 confectum

392 728 443 794 Ad
466 729 594 793 modum
617 727 680 792 fuit
703 726 845 791 debitum
868 727 1000 813 longum
1024 731 1056 791 et
1078 727 1246 803 decorum;

326 853 364 890 2⁴⁰
391 833 459 899 Nec
482 835 656 918 apparebat
678 834 711 896 in
735 855 771 897 eo
794 832 978 897 deformitas
1001 853 1182 897 nervorum.

392 937 528 1003 Pulchre
550 961 662 1004 manus
684 938 751 1003 eius
773 942 865 1002 erant
887 938 1086 1022 multumque
1108 937 1262 1015 decentes,

393 1041 523 1128 Semper
544 1043 794 1108 incontaminate
816 1044 995 1128 mundoque
1017 1045 1250 1128 permanentes,

391 1145 561 1212 Flexibiles
583 1151 616 1212 et
637 1147 761 1212 habiles
785 1148 825 1212 ad
848 1147 957 1212 omnia
978 1146 1108 1212 virtutis

378 1251 506 1336 Opera,
530 1275 594 1317 non
618 1273 731 1337 segnes
755 1273 905 1336 unquam,
930 1252 984 1317 sed
1006 1255 1154 1336 prompte
1175 1253 1350 1318 servitutis.

329 1375 367 1412 aa
394 1356 498 1442 Digiti
520 1357 694 1422 tornabiles
716 1361 808 1434 erant
830 1361 926 1442 atque
949 1357 1037 1438 recti,
1192 1440 1196 1448 Ι

392 1461 475 1526 Satis
498 1463 597 1546 longi,
621 1461 765 1548 graciles,
789 1463 901 1528 scabro
923 1485 987 1527 non
1009 1461 1129 1528 inlecti.

393 1565 525 1654 Ungues
548 1568 616 1633 sine
638 1567 783 1632 sordibus
807 1565 978 1651 magnique
1000 1566 1120 1630 decoris

394 1671 497 1736 Erant
519 1676 551 1736 et
574 1673 693 1757 precise
714 1693 837 1755 semper
859 1669 1010 1754 onychini
1032 1671 1187 1736 candoris.

395 1776 513 1842 Planus
536 1781 568 1841 et
590 1777 782 1861 compositus
805 1775 871 1840 eius
894 1779 963 1840 erat
984 1796 1121 1861 grossus,

334 1901 372 1938 τω
399 1883 506 1966 Atque
525 1882 662 1946 multum
685 1881 812 1946 curialis
834 1880 935 1963 ipsius
957 1881 1106 1958 incessus,

397 1987 510 2073 Neque
532 1988 622 2053 velox
646 2009 747 2071 neque
771 2007 900 2071 preceps
922 1985 986 2050 fuit
1008 1985 1211 2065 ambulando,

396 2092 487 2158 Nihil
511 2092 594 2158 enim
619 2091 791 2176 peragebat
813 2090 909 2154 nimis
931 2089 1132 2164 festinandoz

394 2187 506 2284 Neque
529 2205 635 2264 tamen
658 2197 750 2262 tarda
772 2196 835 2260 fuit
857 2196 911 2260 sed
934 2195 1069 2260 nimium
1091 2195 1231 2260 modeste

397 2303 573 2378 Incedebat,
599 2301 784 2366 ambulabat
806 2301 951 2366 decenter
973 2304 1006 2364 et
1028 2298 1177 2378 honeste3

329 2429 368 2466 rsa
395 2409 510 2474 Erecta
531 2431 660 2472 sursum·
679 2407 849 2492 procedens
872 2428 994 2490 semper
1017 2404 1211 2485 ambulabat,

397 2515 442 2580 nt
465 2514 610 2579 decenter
632 2517 728 2597 caput
750 2513 817 2577 eius
841 2535 954 2596 parum
975 2511 1161 2590 inclinabat,

398 2618 442 2684 Ut
465 2619 594 2702 pudicas
617 2618 756 2703 virgines
780 2618 867 2682 decet
891 2617 1055 2682 ambulare

399 2723 467 2800 Que
490 2744 553 2786 non
577 2721 680 2787 solent
702 2721 836 2785 nimium
859 2721 1012 2786 cervicem
1035 2722 1176 2800 elevare3

398 2826 482 2892 Nam
506 2826 608 2890 omnis
632 2830 736 2890 motus
760 2825 903 2910 virginis,
927 2827 1066 2892 incessus
1089 2831 1184 2912 atque
1207 2831 1321 2907 status,

332 2953 370 2990 τσο
399 2932 519 2997 Deoeus
543 2936 612 2996 erat
633 2935 665 2995 et
688 2931 828 3015 pudicus,
852 2953 889 2996 ac
912 2931 1141 3016 disciplinatus,

493 3247 546 3324 De
574 3251 792 3346 eloquentia
818 3251 972 3346 virginis
999 3250 1127 3324 Merie.

397 3457 475 3524 Eius
499 3481 560 3524 vox
582 3458 745 3524 dulcisona
768 3457 832 3523 fuit
854 3463 886 3523 et
909 3480 1028 3534 serena,

402 3563 533 3642 Sanora,
557 3563 762 3642 delectabilis,
786 3562 886 3627 dulcis
909 3567 941 3626 et
963 3584 1084 3642 amena,

401 3669 612 3735 suavissimus
635 3667 794 3734 anhelitus
818 3669 880 3732 fuit
903 3668 969 3733 eius
992 3669 1066 3747 oris,

398 3771 497 3839 Velut
520 3774 722 3853 aromaticus,
745 3775 858 3858 optimi
882 3775 996 3840 odoris.

336 3897 375 3936 ⁷0⁶
402 3879 561 3964 Linguam
584 3877 679 3942 nimis
701 3880 880 3962 expeditam
903 3885 935 3944 et
957 3880 1093 3944 multum
1120 3880 1321 3964 eloquentem

401 3982 525 4048 Habuit
547 3989 579 4048 et
601 3984 775 4068 gratiosam
799 3989 831 4050 et
853 3985 932 4051 bene
954 3985 1211 4070 complacentem.

400 4086 572 4154 Pulchrum
596 4112 670 4153 nam
694 4089 855 4176 eloquium
878 4091 944 4156 eius
967 4095 999 4155 et
1021 4089 1191 4154 iocundum

400 4191 485 4274 Fuit,
510 4199 605 4279 atque
627 4195 792 4280 placitum,
816 4197 944 4281 planum
969 4201 1002 4261 et
1024 4196 1196 4261 facundum

399 4297 526 4364 Diffusa
548 4300 611 4364 fuit
632 4302 739 4386 gratia
761 4301 795 4367 in
817 4301 1054 4387 labiis'ipsius;

335 4423 373 4464 ²⁷⁰
400 4404 512 4472 Omnis¹
535 4427 637 4471 sermo
660 4429 735 4472 suus
758 4412 827 4472 erat
849 4408 986 4492 prudens
1009 4411 1106 4492 alque
1129 4405 1212 4492 pius,
