3072 4936
691 369 753 436 163

143 545 240 632 plena
256 550 408 630 tempora.
454 543 611 620 Quamdiu
628 565 705 629 ergo
725 545 845 610 domini
862 544 870 582 ¹
894 545 974 610 bene
991 545 1150 624 vivebant,
1173 547 1295 611 tamdiu

143 651 299 716 moniales
321 654 440 716 sanctae
455 655 556 716 erant.
580 651 633 714 sed
657 649 875 716 deficientibus
894 650 1058 716 monacbis
1081 655 1113 715 et
1129 652 1292 716 monachae

149 756 348 836 deficiebant,
371 761 467 840 prout
489 755 655 841 sequentia
676 756 892 822 declarabunt.

223 861 352 957 JQninto
383 862 489 927 videre
521 866 622 928 restat
652 861 690 926 de
718 862 882 947 religionis
908 861 1087 928 miserabili
1115 861 1239 926 defectu
1260 862 1295 925 in

144 967 336 1052 Elchingen.
381 964 466 1032 Nam
484 987 628 1032 successu
650 968 802 1052 temporis
825 989 897 1032 cum
914 967 1027 1052 religio
1049 966 1115 1032 divi
1131 964 1295 1031 Benedicti

144 1073 264 1158 ubique
287 1095 377 1158 paene
400 1071 565 1152 deficeret,
588 1073 708 1156 incepit
729 1077 762 1138 at
784 1074 817 1136 in
841 1071 1021 1157 Elcbingeu
1043 1071 1195 1158 languere
1218 1071 1295 1136 adeo

145 1178 299 1264 graviter,
323 1182 361 1242 ut
375 1177 561 1242 monasterii
577 1177 757 1243 materiales
773 1182 940 1242 structurae
956 1177 1155 1242 minarentur
1171 1177 1297 1240 ruinam

144 1304 218 1348 curn
240 1281 397 1367 religiosis
420 1281 562 1346 moribus
585 1283 786 1348 dominorum
810 1286 842 1346 et
863 1287 1000 1367 patrum.
1048 1281 1189 1348 Sublatis
1212 1281 1296 1346 enim

145 1386 368 1471 spiritualibus
392 1386 545 1472 fugerunt
567 1411 587 1451 a
607 1385 678 1452 loco
694 1387 893 1472 temporalia,
918 1392 950 1452 et
972 1388 1006 1451 in
1029 1393 1154 1452 tantam
1170 1388 1297 1452 devenit

145 1492 234 1558 locus
250 1491 425 1556 diffamiam
447 1495 480 1558 et
501 1493 653 1577 inopiam,
677 1498 713 1556 ut
728 1497 902 1558 conventus
926 1515 1071 1558 sororum
1092 1493 1219 1576 penitus
1242 1493 1296 1556 de-

144 1597 254 1663 ficeret
282 1602 315 1662 et
336 1599 370 1661 in
403 1597 539 1662 nihilum
563 1599 769 1683 redigeretur.
815 1596 997 1664 Conventus
1028 1599 1125 1662 etiam
1158 1597 1297 1662 fratrum

144 1703 180 1766 in
211 1706 339 1768 tantum
370 1702 511 1788 dilapsus
542 1708 591 1768 est
613 1702 788 1782 defectum,
823 1707 942 1768 utnon
970 1703 1126 1769 haberent
1157 1707 1295 1783 tontum,

147 1808 232 1892 quod
256 1813 387 1892 possent
408 1809 525 1874 nutriri
548 1809 593 1873 ibi
616 1813 664 1874 tot
688 1809 812 1888 fratres,
836 1809 892 1894 qui
915 1809 1028 1874 saltem
1049 1809 1144 1873 horas
1166 1810 1297 1872 canoni·

149 1933 203 1978 eas
234 1913 423 1997 psallerent,
454 1919 487 1978 et
516 1914 679 1980 deficiente
702 1914 752 1979 vel
781 1915 936 1980 moriente
966 1915 1081 1980 abbate
1109 1937 1173 1978 nou
1205 1919 1296 1978 eraut

145 2016 305 2096 monachi,
330 2018 385 2102 qui
408 2018 506 2082 alium
529 2017 694 2104 eligerent,
717 2023 750 2082 et
772 2018 900 2083 tandem
923 2019 963 2083 ad
986 2019 1046 2083 hoc
1062 2019 1149 2084 venit
1172 2023 1209 2084 ut
1232 2041 1296 2082 uon

145 2127 230 2188 esset
251 2124 314 2190 nisi
337 2145 418 2190 unus
447 2123 621 2188 monachus
642 2123 741 2188 abbas
772 2123 821 2188 vel
844 2124 970 2188 abbatis
1003 2125 1070 2189 loco
1102 2145 1173 2188 cum
1205 2145 1296 2188 servo

147 2229 283 2294 seculari
298 2235 331 2295 et
353 2229 469 2294 aneilla
484 2251 595 2314 eoque.
641 2227 742 2294 Oredo
757 2233 864 2294 autem
887 2229 992 2295 locum
1007 2229 1098 2296 illum
1120 2231 1153 2294 in
1169 2234 1296 2294 tantum

146 2332 309 2400 devenisse
331 2335 488 2400 defectum
511 2356 596 2400 anno
623 2335 722 2414 1346,
755 2335 882 2419 quando
905 2336 1045 2400 maxima
1070 2335 1168 2418 pestis
1191 2337 1295 2398 totum

146 2441 314 2524 occupavit
346 2441 517 2520 mundum,
550 2439 584 2505 in
605 2461 669 2525 quo
692 2461 755 2505 non
789 2439 893 2506 solum
922 2440 1115 2506 monasteria
1144 2444 1296 2506 evacuata

8 2629 11 2636 .
146 2541 279 2610 fuerunt
300 2547 482 2626 monachis,
513 2547 567 2612 sed
589 2545 734 2611 civitates
756 2549 789 2610 et
811 2545 894 2610 villae
917 2547 1054 2631 grandes
1076 2545 1144 2610 sine
1167 2543 1295 2609 habita-

145 2647 270 2716 toribus
281 2657 476 2718 manserunt.
500 2654 577 2718 etin
589 2653 653 2718 ista
664 2657 753 2738 peste
766 2653 878 2740 religio
892 2675 982 2737 praue
995 2655 1137 2718 omnium
1147 2653 1294 2718 ordinum

145 2754 179 2818 in
204 2755 340 2822 nihilum
362 2757 426 2822 fuit
447 2759 584 2838 redacta,
606 2758 741 2824 sublatis
764 2781 803 2824 ex
819 2759 879 2824 hae
902 2759 969 2825 vita
990 2760 1129 2824 senibus.
1175 2757 1295 2822 Eadem

145 2862 244 2926 etiarn
255 2861 320 2927 fere
331 2867 520 2947 tempestate
530 2864 594 2929 fuit
604 2865 781 2948 persecutio
794 2863 946 2930 Romame
962 2865 1099 2930 ecclesiae
1111 2863 1295 2928 etomuium

145 2965 176 3030 ei
198 2965 377 3034 faventium
399 2970 537 3034 excitata
559 2992 617 3054 per
638 2969 822 3036 Ludwianm
847 2971 1022 3050 Bavarum‚
1045 2972 1085 3034 ·in
1116 2992 1180 3055 qua
1201 2969 1295 3053 plura

144 3073 341 3139 monasteria
363 3076 489 3159 penitus
512 3074 704 3142 defecerunt.
750 3073 884 3159 Insuper
910 3076 993 3141 eirea
1015 3075 1122 3140 eadem
1151 3080 1296 3158 tempora

145 3177 246 3244 abbas
269 3177 307 3244 de
323 3177 411 3244 Ovvia
433 3183 466 3244 et
487 3179 635 3244 monachi
657 3180 691 3244 in
708 3179 805 3247 Ulmo
827 3180 1060 3264 triurnphantes
1083 3177 1293 3244 dominaban-

144 3287 216 3361 tur,
246 3287 279 3348 et
309 3283 546 3370 inexplicabiles
584 3307 737 3369 expensas
776 3283 955 3365 faciebant,
991 3285 1201 3369 dilapidantes
1245 3283 1295 3346 sui

145 3389 331 3454 monasterii
347 3389 431 3454 bona
446 3413 517 3475 quse
532 3389 638 3456 Ulmta
654 3389 824 3456 habebant.
849 3391 888 3456 ad
905 3391 965 3455 boa
980 3395 1087 3456 autem
1099 3389 1296 3454 advocabant

145 3493 319 3560 monachos
341 3496 391 3560 sui
412 3495 532 3561 ordinis
555 3495 761 3562 Ulmensibus
784 3496 903 3562 vicinos
926 3496 965 3560 de
987 3494 1177 3580 Ellchingen,
1201 3491 1295 3556 Wib·

145 3599 257 3685 lingen
280 3605 312 3666 et
334 3601 517 3668 Blaubtlren
541 3606 574 3666 et
596 3601 840 3682 Ochsenhuseu‚
872 3606 904 3666 et
930 3603 969 3666 ad
1001 3601 1085 3666 idern
1115 3599 1296 3665 faciendum

144 3703 347 3772 inducebant.
381 3728 444 3792 quo
473 3707 508 3772 in
539 3712 682 3792 tempore
704 3707 884 3793 Ellehingen
918 3708 951 3772 in
980 3705 1209 3792 temporalibus
1232 3727 1295 3769 non

145 3811 302 3878 modicam
325 3811 449 3878 ruinam
473 3811 635 3877 sustinuit.
674 3812 897 3878 diciturenim
920 3813 1003 3898 quod
1031 3812 1114 3878 circa
1134 3811 1192 3876 illa
1213 3815 1295 3875 tem-

145 3937 225 4002 pora
246 3917 419 3984 monachus
442 3919 588 4003 provisor
609 3923 783 3984 conventus
798 3919 831 3984 in
847 3919 1025 4005 Elehingen
1047 3917 1133 3982 omni
1150 3917 1200 3980 die
1222 3937 1294 3980 oum
1307 3932 1393 4012 3¹3⁶,

145 4045 311 4089 servosne
327 4021 454 4090 lllmam
469 4023 613 4103 intravit,
636 4025 717 4089 etin
733 4025 874 4090 tabernis
889 4021 1007 4088 Bacchi
1023 4022 1138 4088 officiis
1152 4022 1295 4086 intentus

146 4129 242 4216 [erat]
259 4153 359 4218 nsque
373 4131 413 4198 ad
429 4154 600 4215 vesperam.
638 4129 777 4217 Vespere
795 4128 941 4210 transito,
965 4151 1035 4193 cum
1052 4127 1165 4212 repleti
1180 4129 1295 4205 essent,

145 4235 312 4322 replebant
327 4238 423 4302 etiam
438 4237 589 4303 flascones
605 4259 662 4322 pro
674 4241 830 4302 nocturna
844 4257 936 4301 coena
950 4239 1041 4300 extra
1053 4233 1088 4298 in
1102 4231 1295 4298 monasterio

712 4365 729 4402 *

220 4467 229 4518 l
252 4463 356 4520 domini
376 4463 467 4518 baben
486 4463 548 4519 alle.
