3014 4926
785 303 828 376 96

310 505 361 543 ²⁷¹⁵
387 483 507 555 Urceus
528 490 561 552 et
583 509 635 552 eos
658 509 741 572 aqua
763 487 801 551 de
824 487 912 552 fonte
934 483 1144 570 repleverunt,

388 594 526 658 Etcum
549 613 667 678 magno
688 592 806 678 gaudio
829 592 957 657 domum
980 595 1055 656 sunt
1076 590 1205 668 reversi,

387 697 543 763 Deiecto
565 701 632 762 tam
656 698 794 762 mirabili
817 698 974 762 mirantur
997 697 1145 762 universi.

233 1015 287 1088 De
313 1039 429 1110 puero
456 1015 617 1110 quodam
646 1037 759 1110 quem
794 1015 992 1090 suscitavit
1018 1013 1128 1086 Jesus
1155 1036 1179 1086 a
1206 1011 1378 1085 mortuis.

388 1224 448 1290 Die
470 1225 606 1310 quadarn
629 1247 707 1311 puer
728 1210 822 1290 Jesus
845 1221 1076 1308 egrediebatur,

389 1328 497 1414 Ipsum
520 1353 645 1416 quoque
666 1352 836 1416 puerorum
859 1327 955 1394 turba
976 1326 1176 1412 sequebatur,

310 1453 362 1490 1111
389 1433 449 1511 Qui
472 1435 568 1500 simul
590 1436 746 1521 quendam
769 1435 978 1500 ascenderunt
999 1433 1103 1498 locum
1126 1433 1327 1511 eminentem,

389 1535 427 1602 In
450 1560 542 1602 mane
564 1539 764 1623 precipitium
787 1538 919 1604 inferius
943 1537 1122 1602 habentem.

392 1642 440 1706 lbi
463 1643 573 1708 ludum
596 1644 812 1730 unusquisque
834 1665 905 1708 cum
929 1665 1019 1708 suum
1044 1645 1211 1718 exerceret,

262 1739 266 1750 ’
390 1745 546 1832 desusque
568 1749 737 1832 respiciens
760 1769 858 1832 prope
879 1747 1040 1824 resideret,

391 1851 496 1918 Minus
519 1858 609 1918 caute
632 1877 710 1938 puer
731 1875 813 1918 uuus
835 1875 873 1918 ex
896 1851 960 1916 illis
983 1850 1178 1929 ambulabat,

313 1975 366 2012 2⁷20
390 1956 434 2022 Et
455 1958 496 2022 ab
519 1958 585 2023 alto
607 1981 756 2024 corruens
779 1958 818 2022 ad
840 1962 958 2022 terrum
980 1956 1156 2042 expirabat.

391 2061 462 2130 Hoc
484 2062 625 2128 videntes
649 2063 763 2149 reliqui
786 2063 875 2148 pueri
898 2061 1072 2147 fugierunt,

392 2165 459 2232 Hoc
482 2189 542 2252 que
565 2166 651 2232 facta
673 2166 802 2232 fuerant
823 2167 944 2231 cunctis
967 2166 1153 2230 retulerunt.

392 2271 422 2336 A
445 2271 554 2337 Judeis
577 2273 683 2357 impiis
705 2295 778 2338 mox
802 2273 888 2337 lama
910 2271 1104 2358 divulgatur,

393 2376 482 2454 Quod
505 2377 590 2442 hunc
613 2377 849 2463 precipitaverit
871 2375 964 2442 Jesus
987 2380 1161 2442 accusatur.

314 2502 365 2539 uso
392 2481 471 2546 Cum
494 2481 597 2546 Maria
621 2486 721 2548 matre
743 2481 820 2547 Jesu
842 2481 961 2567 Joscph
991 2482 1172 2561 advocatur,

393 2585 439 2651 De
461 2586 519 2650 tali
542 2609 616 2652 nece
638 2586 723 2652 filius
745 2587 887 2672 ipsorum
909 2586 1099 2672 inculpatur.

392 2689 495 2756 Maria
517 2713 610 2758 suum
632 2691 733 2756 filium
757 2691 856 2758 sciens
879 2693 1079 2757 innocentem

390 2795 461 2860 Tali
484 2795 522 2862 dc
545 2797 703 2862 calumnia
725 2797 932 2882 tranquillam
954 2801 1043 2862 tenet
1063 2801 1212 2863 mentem.

392 2897 452 2964 Sed
475 2901 514 2965 ad
538 2899 604 2965 eius
626 2901 729 2966 filium
752 2905 852 2966 mater
874 2901 1050 2979 accedebat,

316 3022 368 3061 sees
396 3003 443 3070 Ac
466 3003 569 3069 verbis
594 3005 827 3090 benignissimis
850 3004 1015 3089 adipsum
1039 3004 1164 3070 aiebat:

398 3107 499 3185 »Quid
522 3109 599 3174 dicis
622 3109 713 3174 nobis
735 3109 782 3174 fili
805 3110 848 3174 mi
870 3109 964 3175 modo
986 3109 1175 3189 faciendum,

394 3213 438 3278 Et
462 3215 500 3278 ad
523 3213 606 3278 hanc
628 3213 817 3278 calumniam
842 3215 916 3299 quid
940 3219 988 3280 est
1010 3215 1305 3299 respondendum«

394 3316 486 3383 Jesus
509 3319 576 3382 ait:
604 3317 680 3382 »Pis
703 3323 813 3398 mater,
838 3341 894 3384 nos
917 3319 1035 3384 multas
1057 3319 1214 3404 patiemus

395 3423 446 3487 Ab
468 3423 574 3507 impiis
597 3423 780 3502 calumnias,
804 3445 883 3509 quas
904 3423 1005 3508 culpis
1028 3445 1091 3488 non
1113 3445 1287 3499 meremus3
1501 3441 1502 3523 p

317 3547 368 3585 1111
395 3525 455 3592 Sed
477 3527 511 3591 iu
533 3526 593 3592 hac
615 3528 773 3592 calumnia
795 3551 835 3593 ne
858 3527 913 3614 qui
936 3528 1173 3610 scandalizetur,
1500 3531 1501 3534 ’

394 3633 438 3698 Et
461 3637 496 3698 ut
518 3633 698 3698 innocentia
721 3656 791 3716 mea
813 3633 1054 3712 demonstretur,

396 3738 499 3803 Huius
521 3737 661 3803 destructi
684 3738 774 3822 pueri
796 3759 910 3824 corpus
932 3738 1100 3824 interpello

394 3841 439 3906 Elt
461 3865 563 3906 meam
586 3841 799 3907 innocentiam
823 3843 924 3908 dicere
947 3843 1112 3928 compello.

395 3946 469 4013 Ideo
493 3969 565 4013 cum
588 3951 689 4012 matre
712 3971 769 4012 sua
791 3945 885 4013 Jesus
908 3948 1076 4014 accedebat

318 4069 369 4107 ²2⁴⁶
398 4053 448 4117 Ad
472 4051 613 4117 defuncti
636 4053 725 4136 pueri
749 4047 864 4138 corpus
886 4057 918 4118 et
940 4053 1083 4118 dicebat:
1306 4137 1309 4142 Ι

405 4157 507 4236 »Tibi
531 4154 649 4235 Zenon,
673 4158 803 4242 impero,
827 4157 910 4244 quod
934 4157 1019 4223 dicas
1042 4157 1209 4224 manifeste

399 4261 554 4327 Universo
578 4261 705 4346 populo,
728 4263 783 4346 qui
807 4285 933 4348 presens
956 4263 1019 4326 iarn
1043 4267 1090 4328 est
1112 4267 1202 4342 teste,

397 4363 430 4436 Si
453 4369 485 4430 te
507 4365 762 4454 precipitaverim
788 4369 836 4433 vel
859 4367 1028 4454 quicquam
1051 4369 1127 4434 mali
1149 4367 1219 4450 feci,
