3080 4938
804 339 824 408 2

241 507 363 574 sulcum
387 509 571 574 circularem
597 510 636 574 ad
652 511 904 596 designationem
921 510 1070 576 circuitur
1085 533 1251 576 murorum
1267 510 1392 595 erigen-
1518 547 1519 592 1

240 613 363 680 dorum.
410 615 461 679 Ab
485 616 618 700 antiqua
640 617 724 680 enim
748 617 973 682 consuetudine
1002 638 1074 680 cum
1102 615 1178 680 urbs
1201 615 1310 700 aliqua
1331 615 1393 678 fuit
1518 655 1519 704 p

241 719 440 798 aedifioauda‚
475 720 625 785 circuitus
658 722 725 786 eius
755 721 984 806 designabatur
1014 726 1121 786 aratro
1151 720 1190 785 ad
1224 720 1391 805 imperium
1518 719 1519 764 t

195 874 198 880 .
241 823 412 910 principis,
445 825 513 891 sine
542 826 631 890 cuius
653 827 741 890 iussu
774 849 867 891 nemo
897 826 1058 892 civitatem
1088 826 1253 891 aedificare
1277 829 1390 911 potest.

242 927 285 992 ut
309 931 384 1014 quia
409 931 514 995 resin
538 953 575 996 ea
597 931 777 1010 resolvitur,
801 954 839 996 ex
854 931 971 1016 quibus
985 931 1202 1010 constituitur,
1226 931 1296 994 ideo
1312 930 1392 994 mori

244 1031 359 1098 dicitur
385 1033 497 1098 civitas
531 1035 656 1120 quando
684 1059 740 1120 per
762 1035 985 1120 imperatorem
1009 1035 1237 1101 condemnatur
1260 1035 1300 1100 ad
1323 1055 1394 1098 ara-

241 1139 327 1201 trum
351 1142 480 1222 propter
500 1138 663 1218 demerita,
687 1144 719 1204 et
734 1139 949 1204 circumducto
973 1145 1080 1204 aratro
1096 1139 1213 1204 desinit
1235 1159 1303 1204 esse
1319 1138 1395 1203 urbs

243 1246 276 1306 et
298 1243 403 1326 perdit
425 1244 533 1308 omnia
555 1243 733 1330 privilegia.
778 1244 831 1310 Sic
852 1245 973 1330 legitur
988 1243 1167 1309 Fridericus
1189 1245 1311 1328 primus
1326 1243 1395 1309 Me·

243 1347 406 1412 diolauum
429 1349 653 1414 condemnasse
682 1353 715 1414 et
737 1372 794 1434 per
817 1349 938 1434 plateas
962 1353 1104 1414 aratrum
1127 1349 1263 1414 duxisse.
1312 1347 1394 1425 Quia

243 1455 278 1518 in
300 1455 378 1520 urbe
401 1455 562 1520 condenda
577 1457 642 1554 ,fiat
666 1456 793 1520 urbatio
817 1461 907 1540 patet
934 1456 1018 1520 ffde
1041 1455 1209 1520 verborum
1238 1455 1396 1540 significa·

244 1560 331 1625 tione
352 1559 374 1624 l.
398 1560 496 1625 urbis.

333 1663 470 1730 Demum
493 1665 575 1731 sicut
597 1664 695 1731 Ulma
718 1666 795 1731 urbs
818 1666 879 1731 dici
902 1668 1015 1750 potest,
1038 1666 1083 1730 sic
1106 1669 1138 1730 et
1160 1665 1284 1745 civitas,
1311 1664 1393 1750 quod
1518 1717 1519 1738 ,

246 1770 360 1836 civitas
384 1773 416 1835 et
436 1771 513 1834 urbs
535 1770 618 1836 idem
640 1775 725 1836 sunt.
771 1771 815 1836 Et
831 1771 859 1835 si
875 1771 1026 1855 oppidum
1042 1769 1170 1855 aliquod
1185 1773 1242 1834 aut
1257 1773 1396 1835 castrum

248 1898 312 1940 non
335 1875 377 1939 sit
399 1875 521 1954 civitas,
545 1876 615 1960 ipso
637 1875 724 1942 facto
740 1875 879 1941 efficitur
894 1876 1006 1941 civitas
1028 1875 1057 1940 si
1079 1898 1163 1960 papa
1176 1875 1235 1952 ,vel
1258 1875 1394 1960 impera-

247 1985 299 2046 tor
327 1981 447 2047 scribat
477 1983 506 2046 ei
536 1985 573 2046 ut
599 1981 722 2048 civitati
757 1981 974 2064 (Innocentius
1005 1985 1037 2047 et
1059 1979 1194 2046 Ioannes
1217 1981 1251 2044 in
1272 2003 1298 2047 c.
1323 2003 1397 2046 cura

246 2086 449 2151 ecclesiarum
472 2087 509 2152 de
532 2087 639 2152 officio
661 2088 838 2171 ordinarii).
884 2086 1007 2152 Notum
1034 2091 1140 2152 autem
1173 2093 1221 2152 est
1248 2110 1287 2152 ex
1314 2087 1397 2152 anti·

247 2191 318 2276 quis
343 2195 375 2256 et
397 2193 488 2258 novis
510 2190 712 2258 Ulmensium
735 2193 836 2258 literis
859 2193 944 2278 quod
959 2215 1043 2278 papa
1064 2196 1097 2258 et
1117 2192 1293 2276 imperator
1314 2213 1396 2258 sem-

247 2318 304 2380 per
326 2297 453 2380 scripsit
475 2295 590 2362 Ulmae
612 2301 649 2362 ut
671 2297 804 2364 civitati.
843 2297 970 2362 Dicitur
990 2298 1088 2363 etiam
1102 2297 1215 2362 civitas
1230 2296 1317 2381 quod
1331 2317 1394 2360 uon
1518 2339 1519 2376 3

247 2424 324 2466 saxa
353 2423 410 2466 nec
437 2401 521 2466 muri
543 2423 601 2467 nec
622 2401 759 2482 fossata,
787 2402 840 2467 sed
868 2403 975 2467 unitas
998 2402 1115 2467 civium
1137 2401 1299 2466 civitatem
1323 2400 1398 2465 facit
1518 2437 1519 2490 3

249 2507 301 2591 (de
323 2507 466 2590 rescript
491 2507 767 2588 communitatum,
795 2507 834 2573 de
856 2511 991 2572 sentent.
1016 2531 1054 2572 ex
1077 2506 1237 2572 communi
1259 2507 1393 2591 civitas).

246 2613 286 2678 In
308 2610 406 2677 Ulmo
427 2617 534 2678 autem
558 2617 606 2678 est
628 2613 745 2678 civium
767 2613 878 2698 pulcra
900 2614 1018 2679 unitas.
1054 2613 1180 2678 Dicitur
1200 2613 1331 2696 insuper
1352 2611 1395 2676 ci·

248 2718 331 2784 vitas
353 2719 563 2784 communitas
586 2719 767 2804 gubernata
782 2719 907 2804 legibus
929 2719 1004 2784 latis
1027 2719 1067 2784 ab
1083 2741 1120 2784 eo
1143 2719 1199 2804 qui
1221 2718 1344 2784 solvere
1366 2719 1396 2780 et

248 2824 415 2888 instituere
437 2823 598 2890 civitatem
621 2827 727 2908 potest
748 2824 868 2889 scilicet
890 2825 1041 2909 principe.
1080 2823 1168 2889 Talis
1188 2827 1296 2888 autem
1312 2844 1397 2887 com·

250 2929 391 2996 munitas
414 2931 463 2994 cst
484 2929 519 2993 in
542 2927 650 3010 Dima,
673 2949 751 3016 ergo
773 2933 822 2994 est
844 2929 965 2995 civitas.

337 3033 476 3120 Opidum
499 3035 605 3114 etiam,
630 3035 784 3119 scriptum
800 3057 857 3120 per
871 3035 1043 3120 simplaxp
1065 3034 1107 3100 ab
1129 3057 1190 3120 ope
1212 3035 1262 3100 rel
1285 3035 1398 3119 opibus

251 3141 382 3220 dictum,
405 3144 454 3206 est
476 3139 590 3221 Ulmo,
614 3141 699 3226 quod
721 3163 814 3225 opem
843 3145 876 3206 et
898 3140 1128 3226 protectionem
1149 3140 1216 3206 suis
1239 3139 1401 3204 inhabita·

250 3247 375 3311 toribus
398 3233 467 3310 fert
483 3249 516 3310 et
536 3269 610 3331 opes
627 3269 663 3310 ac
678 3246 805 3310 divitias
820 3268 885 3310 non
901 3245 1040 3310 modicas
1055 3246 1206 3311 continet.
1243 3243 1403 3329 Oppidum

251 3352 383 3436 iusuper
408 3373 464 3436 per
487 3351 624 3436 dupplex
647 3374 690 3436 pp
721 3351 812 3436 quasi
835 3351 1018 3436 oppositum
1041 3350 1157 3415 dicitur
1180 3353 1311 3434 propter
1333 3372 1403 3415 mu·
1518 3367 1519 3380 ¹

252 3479 360 3522 rorurn
384 3457 605 3542 opositionem‚
628 3456 704 3541 quia
721 3479 831 3521 murus
858 3460 923 3521 stat
947 3460 1059 3520 contra
1080 3479 1218 3535 murum,
1240 3455 1325 3520 sicut
1339 3478 1404 3520 me-

252 3564 305 3627 nia
332 3563 486 3627 interiora
517 3566 605 3628 stant
632 3566 744 3628 contra
776 3563 940 3628 domorum
972 3583 1078 3628 muros
1104 3585 1124 3626 a
1146 3565 1237 3647 parte
1259 3560 1404 3626 interiori
1518 3579 1519 3622 ³

1517 2807 1519 2852 i

253 3673 285 3732 et
308 3671 419 3732 contra
441 3690 549 3734 muros
573 3668 765 3734 exteriorum
788 3667 974 3732 meniorum.
1021 3667 1072 3732 Ex
1094 3667 1157 3732 ah'o
1180 3667 1333 3752 oppidum
1357 3665 1405 3730 di·
1518 3707 1519 3712 κ

253 3772 338 3837 citur
360 3775 447 3837 terra
467 3776 596 3838 murata
617 3793 682 3838 non
705 3771 826 3837 habens
849 3775 1045 3857 episcopum,
1069 3772 1153 3838 sicut
1176 3771 1276 3838 Ulmo
1297 3769 1403 3856 (Bald.

253 3879 275 3942 1.
300 3875 326 3958 Ι,
351 3899 377 3942 c.
403 3900 474 3962 quae
496 3878 539 3942 sit
561 3878 660 3963 longa
680 3875 889 3961 consuetudo)
902 3878 923 3941 ¹.

342 3983 468 4047 Dicitur
489 3982 583 4047 etiam
608 3987 748 4048 castrum
770 3981 862 4067 quasi
884 4003 957 4048 casa
980 3981 1055 4062 alta,
1079 3982 1124 4047 sio
1147 3985 1179 4048 et
1200 3979 1298 4047 Ulma
1319 3980 1404 4046 auti·

255 4111 320 4175 qua
341 4088 376 4152 in
399 4087 551 4152 eminenti
575 4087 645 4152 loco
667 4087 772 4172 posita
794 4085 911 4152 dicitur
932 4090 1086 4165 castrum}
1110 4086 1160 4152 vel
1182 4109 1202 4151 a
1224 4086 1406 4166 castrando,

823 4233 841 4272 a

327 4332 341 4388 1
360 4332 425 4390 sien
449 4332 509 4389 eor.
537 4331 586 4388 nu.
608 4331 673 4387 vm
697 4333 744 4388 uc.
763 4335 805 4388 ss.
841 4331 878 4404 (η
903 4349 925 4386 ι.
944 4331 1003 4387 rus.
1019 4303 1114 4403 ‘cora
1133 4330 1190 4402 jur.
1212 4331 1257 4387 or.
1277 4331 1406 4390 coruos.

258 4421 330 4496 Lips.
353 4423 441 4493 1705.)
