3080 4938
792 282 833 348 58

236 461 415 545 dispositos.
463 459 530 524 Hos
552 458 691 524 civitatis
714 457 892 524 defensores
915 457 1006 542 ponit
1031 456 1219 524 Aristoteles
1242 461 1263 524 4
1295 461 1388 545 polit.

237 567 351 632 ultimo
373 566 442 630 loco
464 566 497 630 in
521 564 631 629 ordine
656 564 782 642 civium,
807 568 839 627 et
862 564 895 627 in
918 585 999 647 spec.
1025 563 1063 628 de
1079 563 1296 632 iurisdictione
1319 591 1389 632 om-

236 673 325 736 nium
347 671 496 748 iudicum,
519 669 553 734 in
569 670 632 734 fine
648 692 715 752 cap.
739 671 777 734 de
793 668 1011 734 defensoribus
1027 670 1193 734 civitatum
1210 694 1265 756 per
1282 679 1388 739 totum

238 780 387 844 dicuntur
402 778 440 842 de
455 776 573 840 infimis
589 776 841 861 magistratibus,
862 797 927 839 non
942 775 1069 859 quidem
1084 780 1212 860 propter
1230 777 1389 844 vilitatem

239 883 448 960 conditionis,
472 881 525 946 sed
548 885 678 966 propter
699 881 879 946 libertatem
902 881 1049 964 ingenuae
1070 881 1294 966 generationis.
1341 883 1390 950 De

239 989 354 1073 quibus
376 987 453 1052 dicit
475 985 673 1064 Aristoteles,
699 987 751 1050 ubi
776 1009 887 1070 supra,
924 985 1007 1070 quod
1031 985 1227 1070 impossibile
1250 990 1390 1054 estsine

238 1093 436 1179 principibus
459 1097 491 1158 et
514 1091 674 1158 nobilibus
698 1092 776 1158 bene
800 1115 866 1157 esse
889 1092 1061 1156 civitatem.

327 1198 427 1263 Porro
458 1203 575 1283 praeter
609 1202 732 1262 exteros
766 1197 888 1261 nobiles
918 1196 1049 1260 habent·
1071 1197 1191 1261 domini
1221 1197 1389 1266 Ulrnenscs

240 1305 447 1370 nihilominus
470 1304 595 1388 aliquos
618 1304 656 1368 de
679 1303 744 1367 suis
767 1302 927 1367 nobilibus
951 1301 1072 1366 civibus
1088 1303 1311 1386 stipendiarios
1333 1329 1387 1370 ar-

239 1416 373 1476 maturae
396 1410 535 1490 deditos,
567 1409 651 1472 inter
678 1430 757 1493 quos
789 1411 837 1473 est
864 1407 1022 1494 ingenuus
1046 1407 1095 1471 vir
1117 1408 1263 1474 dominus
1285 1409 1387 1476 Leon·

240 1516 358 1581 hardus
381 1514 515 1594 Vetter,
546 1515 636 1579 miles
667 1518 815 1578 strenuus
840 1517 871 1578 et
894 1513 1014 1590 audax,
1048 1512 1233 1597 imperatori
1265 1521 1297 1580 et
1319 1517 1388 1602 regi

240 1621 461 1686 lllaximiliano
476 1621 650 1704 plurimum
666 1620 833 1703 pretiosus,
859 1619 912 1702 qui
929 1622 1045 1702 praeter
1065 1620 1249 1702 certamina,
1273 1623 1388 1707 quibus

241 1725 390 1790 militiam
413 1726 545 1810 adeptus
568 1729 626 1804 est,
650 1725 939 1808 peregrinationem
964 1725 1188 1791 occidentalem
1218 1749 1387 1813 aggressus

241 1831 350 1896 multis
374 1830 536 1896 laboribus
567 1833 598 1895 et
621 1830 768 1914 periculis
800 1830 955 1914 usquein
979 1829 1087 1896 Sancti
1110 1829 1240 1897 Patricii
1271 1856 1389 1920 purga·

240 1936 358 2001 torium
383 1937 527 2014 devenit,
561 1936 650 2001 cuius
679 1934 826 2000 tenebras
856 1940 955 2000 tetras
987 1935 1211 2022 squaloresque
1242 1944 1388 2024 expertus
1521 1951 1522 1992 ἒ

241 2043 365 2107 militiae
388 2065 452 2108 suae
476 2042 617 2108 balteum
641 2042 886 2126 splendidiorem
908 2043 1090 2126 reportavit.

329 2149 397 2213 Hos
420 2169 497 2232 ergo
528 2147 676 2226 comites,
700 2147 840 2225 nobiles,
872 2145 989 2210 milites
1020 2151 1051 2211 et
1082 2147 1236 2213 militares
1265 2149 1388 2215 inloto

242 2256 343 2320 civilis
365 2253 612 2319 coordinationis
636 2251 727 2335 posui
750 2251 834 2315 iusto
858 2251 967 2316 ordine
981 2251 1075 2338 ¹infra
1097 2251 1216 2318 olerum
1239 2258 1271 2318 et
1293 2277 1387 2338 supra

242 2361 440 2424 dominatum
462 2358 528 2422 sive
550 2357 688 2422 civitatis
711 2357 896 2441 primatum,
928 2357 1003 2442 quia
1034 2380 1105 2422 cum
1129 2363 1263 2444 utroque
1286 2361 1386 2444 parti·

242 2467 351 2548 cipant
373 2469 405 2528 et
428 2463 467 2527 ab
484 2468 619 2546 utroque
635 2462 795 2527 differunt.
842 2461 921 2527 Cum
936 2463 1020 2528 clero
1037 2463 1164 2548 quidem
1180 2465 1387 2550 ingenuitate,

243 2569 411 2653 dequibus
434 2569 549 2632 dicitur
574 2569 589 2632 1
608 2567 695 2632 Petri
719 2568 756 2633 2⁰
774 2567 799 2632 ¹:
824 2591 880 2632 vos
903 2569 979 2634 estis
1002 2591 1102 2654 genus
1126 2571 1262 2637 electum
1284 2573 1388 2660 regale

243 2674 461 2738 sacerdotium.
494 2673 616 2738 nobiles
639 2673 724 2737 enim
746 2678 822 2738 sunt
844 2673 882 2738 de
904 2673 1011 2739 electis
1034 2675 1203 2759 generibus
1226 2683 1258 2742 et
1281 2679 1319 2744 de
1342 2701 1389 2744 re-

243 2779 370 2863 galibus
386 2777 543 2842 exercitiis
559 2779 786 2862 corporalibus
803 2779 885 2844 sicut
900 2779 1005 2844 clerici
1021 2781 1251 2864 spiritualibus,
1267 2791 1300 2848 et
1316 2807 1389 2850 con·

243 2885 377 2950 veniunt
399 2886 430 2948 iu
454 2884 584 2964 honore,
610 2886 685 2969 quis
709 2886 803 2950 militi
827 2891 859 2950 et
882 2886 975 2950 docto
998 2887 1111 2952 elerico
1135 2889 1266 2972 aequalis
1290 2890 1390 2955 honor
1520 2915 1521 2944 ³

243 2989 383 3054 debetur.
431 2990 549 3054 Baldus
572 2995 679 3056 tamen
709 2991 785 3056 dicit
816 2991 849 3054 in
872 2992 1037 3075 prohemio
1067 2993 1263 3078 digestorum
1295 3019 1390 3080 supra

243 3095 330 3160 rubr.
354 3097 393 3160 ad
416 3095 481 3175 fin,
505 3095 589 3180 quod
612 3096 701 3160 miles
725 3095 986 3180 perhonorandus
1010 3102 1057 3162 est
1080 3099 1114 3162 in
1137 3099 1272 3165 sedendo
1289 3107 1321 3166 et
1342 3101 1391 3166 in·

243 3201 379 3266 cedendo
402 3224 496 3285 super
519 3203 679 3266 doctorem
702 3202 885 3285 simplicem.
932 3203 992 3268 Est
1006 3205 1101 3269 etiam
1118 3206 1235 3271 militia
1251 3207 1390 3291 dignitas
1520 3211 1521 3248 l

244 3307 326 3372 siout
347 3306 512 3371 clericatus
536 3308 586 3390 (ut
608 3306 727 3391 legitur
750 3313 782 3372 et
802 3313 933 3373 notatur
957 3310 976 3373 6
1001 3315 1111 3394 quaest.
1139 3313 1154 3374 1
1180 3333 1247 3395 cap.
1271 3314 1298 3377 si
1322 3313 1391 3398 quis
1416 3299 1422 3308 ⁵

244 3416 302 3476 etc.
329 3411 489 3496 militare).
537 3412 680 3477 Dicimus
702 3415 797 3478 etiam
822 3417 906 3499 quod
929 3417 1029 3500 pietas
1057 3419 1169 3484 suadet
1193 3420 1390 3504 disciplinam

246 3516 427 3597 militarem,
451 3521 482 3581 et
504 3519 613 3583 eodem
636 3520 729 3583 modo
752 3521 972 3586 scholasticam
1004 3529 1036 3588 et
1058 3525 1248 3604 clericalem,
1285 3525 1393 3610 (prout

245 3622 363 3705 legitur
385 3625 418 3685 et
440 3627 571 3686 notatur
594 3623 627 3686 in
652 3624 672 3688 l.
697 3624 798 3690 Divus
821 3625 977 3692 Traianus
1001 3629 1033 3692 ff.
1059 3629 1184 3713 [digest.
1209 3632 1238 3693 2.
1264 3630 1314 3694 tit.
1342 3631 1390 3694 12.

246 3750 298 3812 qu.
323 3729 353 3809 9]
377 3728 415 3792 de
437 3727 551 3812 feriis).
597 3727 716 3794 Idcirco
740 3732 882 3796 doctores
905 3732 1085 3812 medicinae,
1114 3733 1221 3819 legum
1244 3741 1277 3800 et
1298 3756 1393 3800 eano-

245 3855 331 3910 num,
352 3833 496 3916 quamvis
519 3833 624 3898 clerici
647 3839 679 3899 et
701 3837 903 3902 ecclesiastici
925 3859 988 3902 non
1011 3838 1087 3918 sint,
1111 3861 1175 3903 non
1190 3845 1295 3904 tamen
1319 3847 1394 3906 sunt
1519 3871 1520 3890 .

245 3937 329 4002 inter
352 3939 491 4022 plebeios
514 3941 728 4024 computandi,
753 3943 806 4007 sed
822 3944 906 4008 inter
921 3943 1039 4008 milites
1055 3949 1087 4010 et
1102 3945 1234 4026 nobiles,
1258 3969 1393 4032 quorum

246 4044 423 4130 privilegiis
446 4051 478 4112 et
501 4046 709 4130 amplioribus
732 4049 882 4134 gaudent.
929 4049 977 4115 De
1000 4073 1062 4137 quo
1086 4051 1157 4118 vide
1179 4053 1394 4138 copiosissime

812 4235 829 4276 *

319 4367 332 4420 1
354 4368 366 4422 l
387 4366 459 4424 Petr.
479 4369 496 4422 2
515 4367 570 4440 [.9.]
590 4369 663 4424 lices.
