2996 4924
652 372 692 438 67

257 548 325 613 Hoc
346 547 466 613 iaciens
488 547 547 612 hec
567 546 711 612 redditur
733 547 843 612 statim
865 548 1005 613 sanitati.

178 671 228 709 ¹³⁰⁰
254 654 415 720 henotes
437 653 621 718 obstetrices
645 653 751 737 palam
774 654 967 718 nuntiabant
1021 724 1026 733 ¹

255 759 303 823 Ac
325 759 374 822 dei
396 757 560 844 magnalia
580 758 702 822 cunctis
729 757 950 842 propalabant,

255 863 420 928 Dicentes:
448 861 549 938 »Quia
570 862 706 926 vidimus
729 883 847 927 novum
868 863 996 948 signum
1020 860 1149 940 factum,

255 965 416 1052 Peperisse
438 968 572 1055 virginis
595 972 719 1032 uterum
743 969 910 1046 intactum,

256 1071 451 1138 Nuntiaruus
473 1072 621 1138 omuibus
642 1093 795 1158 magnum
817 1072 937 1138 factum
959 1071 1085 1150 mirum,

180 1195 228 1232 ras
257 1176 409 1243 Genuiase
431 1177 590 1264 virginem
612 1199 673 1261 que
695 1199 858 1261 nunquam
881 1180 973 1242 novit
995 1177 1109 1241 uirum.

256 1281 402 1348 Vidimus
424 1289 457 1348 et
478 1281 577 1348 ubera
598 1282 702 1366 puelle
724 1283 818 1366 plena
840 1281 943 1360 laetis,

255 1387 410 1454 Olaustris
432 1388 583 1472 pudicitie
605 1387 720 1452 clauus
743 1393 776 1452 et
797 1387 946 1460 intactis:

257 1491 402 1558 Vidimus
423 1497 457 1558 et
478 1515 611 1578 puerum
633 1492 772 1576 positum
795 1493 829 1556 in
851 1493 951 1570 cunia

256 1599 359 1688 Virgo
382 1621 475 1685 quem
498 1603 652 1686 genuerat
674 1599 815 1663 libidinis
838 1598 1005 1670 immunis;

184 1723 230 1760 ruo
257 1702 404 1770 Vidimus
427 1710 459 1770 et
482 1710 608 1770 uterum
629 1705 915 1770 incontaminatum

255 1808 287 1874 A
308 1810 370 1874 viri
391 1809 540 1894 contagio
563 1809 720 1893 peperisse
742 1813 863 1874 natum.

258 2019 302 2084 ut
324 2019 465 2106 gestavit
485 2019 585 2084 inscia
606 2018 801 2103 gravaminis
825 2017 960 2096 laboris;

256 2123 364 2210 Atque
385 2124 454 2198 sine
475 2105 615 2207 corporis
639 2123 762 2208 peperit
783 2123 891 2188 dolore

184 2245 234 2284 1⁸¹⁶
260 2227 308 2294 Ac
327 2229 397 2294 sine
419 2229 576 2313 puerperii
599 2229 700 2314 signis
723 2233 755 2294 et
777 2219 908 2294 merore.

257 2333 345 2400 Sicut
370 2336 485 2400 vitrum
507 2339 654 2419 penetrat
676 2335 783 2399 radius
805 2334 916 2400 solaris

258 2438 325 2506 Nec
345 2445 453 2504 tamen
475 2439 594 2504 vitrum
616 2439 788 2536 fiangitm,
810 2439 855 2503 sic
877 2442 988 2505 venter
1012 2439 1178 2524 virginalis

258 2542 467 2630 Nequaquam
489 2544 704 2628 corrumpitur
726 2565 763 2608 ex
785 2549 934 2609 nascente
956 2545 1045 2628 prole

259 2649 321 2716 Seu
342 2650 461 2715 vitrum
484 2671 549 2715 non
571 2649 745 2714 destruitur
765 2653 987 2734 transparente
1009 2649 1085 2713 sole.

243 2889 344 2976 Quod
373 2889 493 2964 Maria
520 2890 646 2986 posuit
673 2913 829 2986 puerum
855 2889 895 2962 in
923 2887 1102 2986 presepio.

189 3093 234 3132 uu
261 3076 363 3141 Maria
385 3097 477 3140 sunm
502 3097 634 3159 puerum
656 3075 770 3159 pannis
792 3072 984 3148 involvebat,

258 3179 295 3246 In
317 3179 408 3246 bovis
430 3180 518 3244 etin
541 3178 623 3243 asini
645 3177 788 3261 presepio
811 3174 959 3261 ponebat.

259 3284 431 3350 Nascentes
454 3285 510 3348 bos
533 3283 694 3349 atacinus
717 3303 810 3346 suum
832 3285 1006 3346 creatorem

260 3391 374 3456 Coram
395 3411 428 3455 se
451 3389 629 3474 depositum
651 3386 803 3453 exhibant
830 3386 982 3450 honorem

261 3495 327 3562 Sibi
350 3519 408 3560 sua
429 3515 535 3582 genua
557 3495 668 3559 devote
690 3491 904 3558 condectendo

192 3619 236 3654 ¹⁸²⁵
260 3601 304 3666 ut
325 3623 397 3666 enm
418 3601 512 3665 simut
536 3598 714 3665 adorabant
735 3599 767 3662 in
793 3602 910 3661 terram
932 3596 1177 3680 procumbendo.

262 3705 338 3772 Esse
359 3729 451 3770 sumn
473 3709 645 3770 creatorem
668 3705 809 3768 iumenta
831 3706 1047 3787 cognoverunt

266 3809 453 3877 inclinantes
477 3833 581 3897 genna
602 3832 660 3875 neo
681 3809 767 3874 ultra
788 3807 1003 3872 comederunt:

264 3913 408 3981 Noscant
428 3915 656 3980 incarnationis
679 3915 728 3978 dei
751 3913 941 3978 sacrimenta

266 4018 438 4087 Adorantes
460 4043 593 4104 puerum
616 4021 709 4085 deum
732 4005 790 4082 hec
812 4017 962 4081 iumenta.

245 4251 430 4328 Canticum
457 4255 597 4351 Joseph
624 4255 663 4327 in
692 4253 934 4326 nativitatem
963 4251 1114 4324 Christi.

203 4445 248 4486 ¹⁸⁸⁰
271 4431 382 4522 Joseph
405 4459 479 4503 vero
501 4437 660 4502 canticum
682 4435 784 4500 laudis
807 4431 1006 4510 decantabat,

1004 4537 1044 4590 5*
