3034 4922
760 233 821 300 232

374 412 466 478 Hanc
488 411 653 476 adorantes
676 415 708 477 et
731 411 759 474 ei
782 410 902 495 gratias
924 414 1065 496 egerunt,

374 515 545 602 Fidcmque
567 517 615 582 sui
640 516 697 580 lilii
721 516 839 581 Christi
862 520 1053 602 receperunt.

347 833 451 918 Quod
478 833 597 908 Maria
622 835 798 909 liberavit
825 834 1013 928 quandam
1040 835 1229 908 feminam.

298 1060 350 1098 ⁶⁸⁹0
376 1043 525 1108 Matrona
548 1043 680 1128 quedam
704 1041 857 1126 phariseis
880 1042 943 1108 fuit
964 1048 1119 1122 accusata,

376 1149 419 1214 Et
442 1153 571 1234 propter
592 1148 782 1213 adulterium
803 1149 899 1212 morti
921 1148 1143 1226 condemnata3

377 1253 445 1330 Quo
467 1253 602 1318 Mariam
624 1253 792 1318 invocabat
814 1253 888 1318 dum
911 1253 1114 1318 deduceretur

379 1357 431 1422 Ad
453 1361 597 1439 mortem,
619 1363 657 1424 ut
679 1358 836 1443 lapidibus
855 1339 917 1422 bec
939 1358 1134 1422 obrueretur.

304 1539 310 1552 ι
378 1460 493 1526 Statim
513 1467 695 1527 accusantes
718 1484 787 1527 eam
810 1465 905 1527 testes
928 1461 1156 1541 obmutescunt,

302 1585 353 1622 οεοῦ
380 1566 424 1631 Et
446 1567 500 1651 qui
522 1567 716 1632 mitebantur
738 1589 807 1631 eam
830 1567 968 1632 occidere
990 1571 1222 1632 mansuescunt.

377 1670 499 1756 Illaque
521 1673 654 1742 dimissa¹
672 1673 813 1758 gaudens
834 1671 921 1736 venit
943 1673 982 1736 ad
1005 1671 1156 1745 Mariamr

380 1777 440 1841 Per
461 1778 564 1862 ipsam
587 1799 661 1842 nam
684 1780 826 1842 evaserat
846 1777 958 1842 mortis
981 1777 1139 1862 agoniam.

238 2092 341 2178 Quod
371 2093 488 2166 Maria
514 2093 677 2166 liberant
704 2093 889 2187 qnondam
917 2092 1113 2167 detentum
1141 2115 1209 2208 pro
1236 2092 1351 2166 furto.

382 2302 513 2386 Propter
534 2300 655 2364 furtum
678 2323 797 2384 pauper
819 2300 946 2385 quidam
970 2301 1003 2364 in
1026 2321 1148 2365 carcere
1170 2299 1319 2364 manebat

387 2403 520 2470 Vinctus
543 2407 575 2468 et
597 2407 779 2487 exspectans
799 2407 943 2483 mortem,
966 2426 1023 2469 nec
1045 2404 1140 2468 aliam
1162 2404 1300 2469 habebat

304 2529 354 2565 ⁸⁰⁰⁰
381 2507 475 2593 Spem
498 2512 571 2588 vite,
596 2509 656 2573 nisi
679 2510 763 2594 quod
786 2509 921 2574 Mariam
944 2511 1126 2594 frequenter
1147 2510 1327 2588 invocabat,

382 2613 449 2680 Sibi
472 2637 532 2700 que
554 2613 685 2680 celerius
706 2613 860 2679 auxilinm
882 2615 1054 2699 prestabat.

381 2716 465 2782 Nam
487 2723 599 2783 cuncta
621 2741 678 2784 sua
701 2718 826 2784 vincula
847 2741 905 2804 per
927 2743 960 2786 se
983 2717 1197 2798 solvebantur,

382 2822 533 2908 Ostiaqne
556 2825 687 2890 carceris
710 2825 943 2908 aperiebantur.

382 2927 439 2992 Ille
463 2951 537 2993 vero
560 2930 715 2994 resolutus
739 2929 819 2994 liber
841 2933 889 2994 est
913 2951 1056 3015 egressus

304 3051 355 3090 ⁶⁹0⁵
382 3034 426 3098 Et
447 3057 480 3099 se
503 3033 570 3099 fore
589 3057 645 3120 per
667 3034 803 3099 Mariam
824 3033 982 3099 salvatum
1004 3039 1052 3100 est
1074 3036 1243 3111 confessus.

273 3333 375 3418 Quod
403 3337 515 3408 multi
542 3337 731 3431 Neophyti
757 3339 942 3409 venerunt
967 3337 1175 3410 Jerusalem
1205 3335 1332 3408 videre

710 3459 881 3532 Mariam.

382 3665 546 3732 Venerunt
567 3671 643 3733 tunc
658 3667 835 3734 Jerusalem
858 3691 896 3732 ex
917 3669 1065 3753 gentibus
1088 3667 1212 3745 diversi,

383 3769 505 3835 Sanctis
528 3773 568 3836 ab
592 3773 742 3857 apostolis
766 3773 820 3859 qui
843 3773 971 3838 fuerant
993 3771 1145 3850 conversi,

383 3875 551 3959 Cupientes
574 3899 700 3944 cernere
721 3883 864 3944 sanctam
888 3884 919 3944 et
941 3879 1064 3944 felicem

382 3979 518 4046 Mariam
540 4005 663 4067 semper
686 3983 850 4068 virginem,
875 3984 924 4048 dei
946 3983 1147 4069 genitricemz

306 4102 356 4139 ⁶⁹¹0
383 4083 428 4149 Elt
450 4085 490 4150 ab
513 4109 550 4150 ea
572 4092 757 4172 receperunt
779 4087 1048 4153 confirmationem
1100 4127 1107 4142 .

383 4189 482 4270 Fidei,
506 4214 601 4275 quam
623 4197 825 4278 susceperant
847 4215 902 4276 per
925 4192 1168 4276 predicationem

384 4293 611 4386 Apostolorum
634 4302 666 4364 et
688 4297 728 4362 ab
751 4321 789 4364 ea
811 4283 915 4364 cuncti
938 4295 1168 4379 confortantur,
