3034 4922
814 342 882 426 'ass

431 530 478 600 Ut
499 532 567 618 ipse
589 537 715 620 qudqu'e
738 535 916 620 ptssibnetn
935 535 1058 602 'subiret
1079 537 1221 623 coegisti,

431 637 475 704 Et
496 642 533 704 ut
555 660 655 726 genus
677 641 843 706 bominum
864 639 1032 705 redimeret
1054 640 1166 707 fecisti.

429 743 477 810 Ob
499 745 583 810 hono
604 766 731 810 oensem
754 745 856 810 omnis
879 745 975 811 homo
996 744 1142 811 laudabit
1163 751 1196 812 be
1217 751 1374 816 terrestria

350 868 402 908 eccs
429 849 473 915 nr
494 855 526 916 te
548 849 767 936 deprecabitur
790 852 944 917 exercitus
966 851 1119 916 celestis..

428 956 555 1044 Angeli
578 955 783 1044 Archangeli,
806 957 875 1022 iure
897 961 929 1022 te
952 956 1138 1037 laudabunt,

428 1062 588 1129 Cherubin
611 1067 643 1128 et
665 1061 822 1148 Setap'hin
842 1067 876 1127 te
899 1071 1022 1148 sellaper
1044 1050 1231 1128 adorabunt.

427 1167 471 1233 Et
493 1171 528 1233 tu
552 1167 742 1234 exaltaberis
764 1178 857 1252 super
880 1165 1066 1253 angelorum

428 1273 550 1338 'Phoros
573 1275 606 1337 et
627 1273 776 1338 loteberis
798 1284 870 1337 cnm
893 1271 1021 1337 domino
1043 1271 1192 1338 celorum.

350 1399 402 1437 wo
429 1379 609 1444 Ascendere
632 1394 708 1464 ergo
732 1386 877 1463 propera,
900 1377 1029 1443 domina
1051 1377 1164 1460 Maria,

427 1481 528 1549 Utin
552 1487 696 1549 sternunt
717 1483 752 1548 in
770 1483 883 1590 'celesti
904 1503 1017 1570 regnes
1040 1481 1246 1550 hierarchis«

471 1798 591 1874 uasa
617 1799 820 1895 suscipitur
846 1801 895 1874 ab
923 1803 1059 1874 octavo
1085 1801 1209 1876 cnoro.
1315 1901 1319 1910 Ι

426 2007 511 2074 Hinc
533 2009 573 2074 ad
595 2008 726 2074 chorum
748 2007 909 2074 Cherubin
929 2012 1033 2074 meter
1054 2009 1104 2074 dei
1126 2009 1223 2090 venit,

296 2185 298 2190 ,
427 2113 471 2181 Et
491 2115 579 2180 illius
602 2116 692 2200 chori
713 2119 842 2180 cunctos
855 2114 993 2200 ‘spiritns
1016 2113 1139 2180 invenit

426 2219 632 2309 Occurrentes
654 2221 683 2285 ei
705 2242 777 2285 cum
799 2219 987 2285 iubilatione

347 2347 399 2384 ποτ»
426 2325 637 2410 Suscipientes
660 2330 692 2390 et
715 2326 862 2391 ducentes
885 2327 918 2390 in
941 2324 1145 2391 exultatione.
1205 2355 1210 2364 ·

426 2431 470 2496 Hi
492 2427 607 2495 iubilos
629 2433 661 2494 et
683 2429 806 2495 centies
827 2429 998 2516 psallentes
1020 2429 1210 2496 resonabant

424 2538 468 2602 Et
490 2559 559 2602 eam
580 2534 690 2600 multis
713 2535 841 2600 vocibus
865 2535 1002 2602 dicentes
1024 2534 1266 2601 collaudabant:

426 2639 512 2717 ›Que
534 2645 582 2704 est
603 2639 666 2704 ista
688 2653 749 2724 que
771 2642 912 2706 ascendit
934 2643 972 2707 de
995 2640 1092 2707 seculi
1115 2642 1247 2722 deserto,

424 2747 523 2812 Corde
545 2768 602 2811 suo
624 2737 771 2830 plurimis
792 2747 966 2812 virtutibus
989 2745 1132 2812 referto?

346 2873 397 2911 ww
424 2851 492 2918 Hec
514 2856 562 2917 est
583 2851 640 2915 illa
662 2850 774 2930 Maria,
798 2852 898 2917 dulcis
920 2856 952 2918 ct
970 2853 1098 2930 dilecta,

423 2956 483 3022 Pre
505 2955 626 3022 cunctis
648 2955 835 3021 mulieribus
857 2957 915 3022 deo
937 2958 1102 3041 preelecta.

422 3061 491 3126 Hec
513 3065 562 3126 est
583 3060 639 3125 illa
661 3059 764 3125 Maria
787 3081 884 3146 quem
906 3061 1045 3126 celorum
1067 3064 1158 3145 peter

421 3166 540 3252 Elegit,
563 3186 620 3230 suo
642 3165 709 3230 filio
731 3165 816 3250 quod
838 3169 920 3231 esset
941 3164 1003 3230 sibi
1024 3169 1134 3230 mater.

421 3270 489 3336 Hee
511 3274 558 3335 est
579 3269 636 3333 ille
658 3286 719 3354 que
740 3269 877 3334 mutavit
901 3269 1065 3334 hominum
1088 3274 1237 3334 naturam

342 3395 394 3433 ms
420 3373 464 3440 nt
486 3378 657 3440 creatorem
680 3375 822 3439 omnium
839 3374 919 3440 'fecit
940 3379 1124 3442 nestnmnn

421 3479 489 3545 Hec
510 3484 558 3546 est
578 3476 636 3542 illa
658 3501 714 3563 per
737 3499 833 3563 quarm
854 3477 931 3544 fides
952 3479 1180 3545 incarnationis

419 3583 573 3650 Inchoota
595 3584 645 3649 dei
668 3585 731 3649 lnit
752 3589 849 3670 atque
871 3585 1035 3670 passionis.

419 3687 487 3755 He'c
508 3711 583 3754 nam
605 3691 833 3756 incarnationis
856 3689 950 3756 fidem
971 3690 1134 3764 inchoarit

417 3792 461 3856 Et
483 3815 539 3878 per
557 3781 743 3858 universum
764 3793 917 3859 mundum
939 3795 1041 3878 ipsam
1063 3794 1219 3860 dilatavit.

340 3917 393 3955 rere
419 3897 561 3963 Eandem
583 3899 676 3963 fidem
698 3899 821 3964 meritis
843 3904 876 3964 et
897 3901 965 3964 vita
985 3899 1194 3980 confirmarit,

417 4002 498 4068 Eam
520 4020 646 4089 quoque
667 4004 870 4070 vacillantem
891 4005 959 4070 sols
980 4005 1186 4072 conservarit.

826 4155 844 4193 rr

332 4264 401 4318 7704
421 4263 483 4318 lieet
501 4263 546 4318 M:
564 4281 627 4320 cum
647 4265 722 4321 dulci
740 4265 759 4321 i.

503 4351 528 4406 G
546 4353 691 4422 degegen:
710 4353 781 4420 Oce..
799 4357 835 4408 ut
850 4373 912 4410 scm
932 4371 953 4410 o
976 4354 1004 4411 d.
1022 4353 1040 4413 i.

709 4439 888 4514 susciperent
900 4445 935 4499 'st
953 4443 1087 4500 ducerent
1102 4443 1123 4500 i.
1141 4461 1164 4503 e
