3060 4936
768 381 831 447 178

224 565 330 627 autem
346 561 573 628 monasterium
596 559 657 624 hoe
672 558 858 643 Wiblingcn
884 581 903 622 a
918 558 1022 623 rivulo
1038 557 1129 621 iuxta
1144 555 1374 621 monasterinm

227 667 420 746 decurrente,
444 667 499 752 qui
521 666 638 732 dieitur
660 664 773 744 wien,
808 669 840 729 et
863 669 994 730 vocatur
1016 663 1206 749 wiblingen
1237 686 1257 728 a
1280 663 1374 729 Wien

224 778 256 836 et
279 772 375 858 ligen,
399 771 474 856 quia
496 773 577 838 iacet
599 771 639 836 od
661 773 766 836 rivum
788 768 885 835 Wien
897 767 919 835 ¹.

747 1070 814 1140 Gap.
831 1069 855 1124 8.
943 1057 957 1092 ‘

500 1211 557 1276 De
580 1208 779 1296 Hegbach
802 1203 1098 1275 monasterio¹.

314 1402 466 1488 Hegbach
492 1401 699 1487 (Heggbacb)
723 1401 773 1466 vel
789 1399 952 1466 Hettbaeh
974 1403 1023 1466 vel
1041 1401 1194 1466 Hebbach
1218 1401 1268 1465 vel
1285 1401 1372 1466 Heb-

225 1508 300 1572 aoht
332 1509 560 1573 monasterium
598 1513 714 1572 sanctae
744 1505 855 1570 Mariae
888 1507 1020 1592 virginis
1052 1507 1154 1572 saneti
1187 1508 1374 1572 monialium

226 1613 472 1678 cisterciensium
505 1613 624 1677 ordinis
657 1633 754 1696 supra
788 1609 977 1697 Wiblingen
1015 1633 1098 1676 nunc
1134 1612 1373 1677 describendum

227 1718 323 1783 venit.
370 1717 430 1781 Est
461 1716 563 1800 igitur
585 1714 764 1800 Hegbaeh³
797 1717 1026 1780 monasterium
1048 1715 1142 1780 hodie
1165 1716 1261 1781 odore
1283 1717 1375 1782 bonae

227 1822 320 1886 famae
344 1823 461 1906 ubique
492 1844 547 1905 per
569 1819 717 1886 Sueviam
749 1825 879 1900 notum,
913 1822 996 1906 quod
1029 1821 1211 1886 nominibus
1234 1821 1376 1906 praefatis

227 1927 385 1992 nominari
422 1932 454 1992 et
487 1927 549 1992 dici
583 1926 747 1992 consuevit
779 1947 844 1990 non
878 1925 1005 2010 quidem
1043 1947 1118 1990 casu
1152 1927 1206 1992 sed
1240 1927 1374 1992 ratione.

189 2077 194 2090 .
228 2030 355 2096 Dicitur
378 2033 462 2096 enim
483 2031 688 2118 Heggbach⁴
712 2053 769 2116 pro
793 2053 829 2095 eo
852 2033 936 2116 quod
957 2036 1030 2096 ante
1045 2030 1267 2098 fundationem
1290 2033 1376 2098 locus

229 2138 292 2202 fuit
316 2138 473 2225 virgultis,
498 2139 585 2203 rubis
609 2141 641 2203 et
663 2137 835 2221 cespitibus
859 2142 891 2202 et
913 2139 1013 2222 spinis
1029 2139 1214 2216 condensus,
1238 2142 1271 2202 et
1292 2139 1377 2203 inter

228 2243 347 2308 medias
380 2243 510 2307 frutices
539 2243 691 2327 parvulus
722 2241 880 2307 defluebat
915 2243 985 2308 fons
1018 2243 1219 2327 rivulumque
1245 2242 1375 2307 faciens.

228 2348 315 2412 locus
338 2369 452 2412 nomen
477 2348 516 2412 ab
539 2353 675 2432 utroque
697 2348 829 2412 sortitus
852 2353 914 2427 est,
939 2371 957 2411 a
980 2345 1131 2412 frutetis⁶
1154 2352 1186 2411 et
1210 2347 1325 2425 rivulo,
1346 2352 1378 2412 et

229 2451 392 2517 dicebatur
414 2451 611 2540 Heggbach‚
643 2457 674 2518 et
697 2452 790 2517 hodie
817 2457 944 2517 emanat
966 2453 1012 2516 ibi
1043 2475 1126 2536 aqua
1149 2452 1222 2516 licet
1244 2453 1370 2538 exigua

229 2557 290 2622 Vel
313 2558 429 2623 dicitur
451 2557 630 2638 Hettbaeh,
660 2559 752 2643 quasi
775 2559 917 2643 optative
940 2559 1111 2622 diceretur:
1142 2557 1266 2620 utinam
1290 2558 1375 2622 locus

230 2663 362 2728 haberet
384 2663 504 2728 rivum!
535 2687 608 2728 nam
639 2685 729 2748 aquae
761 2664 894 2729 fluentes
925 2663 1106 2727 necessariae
1130 2667 1162 2726 et
1185 2661 1279 2727 utiles
1303 2667 1377 2726 sunt

229 2768 285 2832 ubi
316 2772 364 2833 est
387 2768 544 2833 habitatio
575 2769 755 2844 hominum3
789 2775 821 2834 et
844 2769 969 2854 quando
1001 2769 1087 2832 locus
1120 2767 1175 2832 ille
1197 2767 1291 2831 datus
1314 2766 1378 2831 fuit

229 2873 391 2938 sororibus
414 2896 471 2958 pro
487 2875 679 2938 monasterio
702 2879 734 2938 et
750 2897 837 2958 paene
861 2873 956 2938 nullae
979 2877 1084 2938 essent
1099 2873 1146 2936 ibi
1169 2894 1269 2957 equae,
1293 2873 1378 2938 dice·
1479 2897 1484 2908 ·

229 2980 308 3043 bant
318 2978 457 3045 breviter
471 2985 504 3044 et
514 3001 585 3044 curn
599 2979 771 3063 patientia:
795 2981 865 3044 hett
882 2979 977 3044 bach!
1002 2979 1093 3064 quasi
1109 2979 1266 3044 dicerent:
1290 2979 1377 3043 locus

231 3083 357 3168 quidem
372 3084 490 3169 placet3
515 3085 541 3148 si
565 3083 697 3149 haberet
714 3085 834 3148 rivum!
860 3083 985 3149 Dicitur
1000 3083 1098 3150 etiam
1115 3083 1279 3163 Hebbach,
1304 3085 1379 3169 quia

230 3189 306 3254 dum
336 3189 483 3255 mulieres
513 3191 546 3253 in
576 3190 679 3254 locum
706 3189 883 3269 venissent,
919 3190 1138 3255 conduxerunt
1159 3188 1313 3268 fossores,
1348 3195 1380 3254 et

230 3295 340 3359 multis
363 3295 507 3378 expensis
538 3299 570 3358 et
593 3293 755 3357 laboribus
778 3294 911 3358 diversis
944 3295 1004 3358 viis
1034 3294 1233 3360 conabantur
1263 3317 1377 3379 aquam

231 3401 381 3464 fluentem
403 3399 596 3464 monasterio
619 3398 786 3477 inducere,
811 3399 887 3484 quia
908 3399 1035 3465 feminis
1060 3423 1150 3485 aquae
1174 3406 1250 3465 sunt
1263 3423 1379 3465 *neces-

232 3507 331 3584 seriae,
355 3505 409 3569 sed
423 3505 583 3570 incassum
598 3503 789 3569 laborabant
811 3509 843 3570 et
857 3511 943 3570 terra
959 3505 1076 3590 ubique
1099 3503 1266 3570 videbatur
1282 3527 1379 3590 aquas

232 3613 264 3673 et
286 3609 405 3674 rivulos
435 3612 596 3676 continere
627 3633 667 3675 ne
694 3611 838 3676 fluerent.
876 3611 958 3676 unde
990 3611 1091 3676 multo
1126 3610 1236 3676 labore
1266 3609 1379 3676 fessae⁰

797 3755 815 3796 *

305 3852 318 3907 1
341 3853 377 3908 ad
391 3854 482 3908 rivum
496 3854 577 3909 Wien
589 3857 640 3910 etc.
661 3855 734 3911 Mon.
751 3859 773 3911 l.
786 3855 872 3910 Wibl.
886 3855 974 3920 Gold.,
989 3857 1041 3910 etc.
1059 3858 1155 3926 sptter
1168 3855 1269 3924 beiges.
1289 3855 1381 3911 Scbm.

234 3941 290 3994 Das
308 3940 435 3996 flttllchen
454 3941 533 3996 beillt
549 3943 621 4011 jetat
642 3942 823 4014 ›Weihung‹
861 3943 1043 4014 efleggbach
1058 3945 1118 3998 Sch.
1133 3943 1178 3997 lll.
1191 3943 1276 3997 Wibl.
1289 3944 1378 3998 Scbm.

234 4027 386 4098 Heggbacb
405 4029 537 4084 nordbstl.
558 4047 612 4085 von
631 4029 774 4096 Biberaeb‚
794 4031 901 4087 sfidlich
921 4049 973 4088 von
994 4031 1155 4102 Laupbeinr.
1208 4033 1225 4086 3
1247 4031 1377 4102 Hegbacb

233 4135 263 4173 so
281 4117 426 4172 schreiben
445 4118 504 4172 bier
524 4118 584 4174 Sch.
605 4119 649 4173 Kl.
668 4119 753 4173 Wibl.
774 4119 864 4173 Schm.
931 4121 946 4173 l
967 4119 1121 4189 Heggbaeb
1140 4120 1200 4174 hier
1217 4119 1270 4174 wie
1290 4123 1381 4173 rueret

234 4205 305 4261 oben
323 4205 383 4260 seh.
403 4205 445 4259 Kl.
466 4205 551 4262 Wibl.
576 4206 667 4261 Scbm.
756 4207 919 4261 bfrutectis
937 4207 1010 4262 Mon.
1033 4211 1054 4262 l.
1078 4207 1158 4264 Gold.
1187 4211 1228 4262 nt.
1267 4205 1377 4262 frutetis

234 4289 294 4345 Sch.
315 4291 357 4345 lll.
379 4289 462 4345 Wibl.
482 4291 572 4348 Schm.
585 4295 689 4362 (beides
707 4317 741 4340 =
760 4293 910 4348 fruticetis:
931 4295 987 4349 alle
1005 4295 1064 4350 drei
1083 4295 1220 4351 bedeuten
1240 4295 1321 4349 einen
1334 4295 1378 4349 ort

235 4377 293 4433 voll
312 4379 468 4448 gestrtneh,
488 4379 575 4435 voller
595 4381 716 4446 becken).
753 4381 868 4438 refossa
887 4383 970 4436 Wibl.
991 4383 1070 4437 nicht
1087 4382 1177 4438 Scbm.
1216 4381 1379 4438 dicebantur

235 4465 320 4520 Wibl.
358 4467 422 4521 lessi
441 4465 503 4522 Scb.
521 4467 565 4522 Kl.
586 4469 657 4524 Gold
676 4473 717 4524 ut.
736 4470 808 4526 Mon.
831 4473 852 4524 l.
873 4471 962 4525 Sohar.
