3080 4938
783 378 826 444 40

227 560 259 622 et
282 555 321 620 ad
343 555 458 620 altaria
480 539 518 619 in'
537 559 670 641 argento
693 561 726 622 et
749 579 820 622 cera
843 557 876 620 in
900 557 1019 622 domini
1042 557 1170 642 plebani
1186 581 1293 637 usum,
1324 557 1382 642 qui

129 660 306 739 ,Phemio
331 663 481 740 voluerit,
514 666 625 746 penset
654 663 757 746 pretia
783 662 997 727 laborantium
1029 662 1187 728 artificum
1218 664 1378 748 quottidie

227 771 259 831 et
282 767 505 831 adducentium
529 790 548 831 a
570 769 701 832 remotis
724 768 801 832 locis
824 767 954 852 lapides,
978 790 1113 852 quorum
1130 770 1250 852 emptio
1266 771 1299 833 et
1322 769 1380 832 ad-

227 872 332 936 ductio
354 871 539 937 incredibile
561 872 699 956 pretium
723 873 866 957 requirit,
889 873 965 957 quia
987 873 1106 957 lapides
1130 872 1218 937 illius
1240 873 1379 938 ecclesiae

226 999 289 1058 non
313 977 441 1042 desolo
464 976 615 1056 ulmensi,
643 977 696 1042 sed
727 999 746 1041 a
768 977 898 1042 remotis
921 977 998 1042 locis
1020 976 1238 1056 advehuntur3
1267 983 1379 1062 penset

226 1084 354 1166 insuper
376 1083 497 1148 domini
520 1082 647 1166 plebani
670 1082 875 1167 magnificum
899 1087 1034 1148 statum:
1068 1104 1132 1147 non
1165 1083 1249 1146 enim
1280 1081 1379 1148 habet

225 1192 346 1252 statum
368 1187 497 1271 plebani
520 1191 576 1252 aut
598 1187 751 1266 canonici,
774 1189 827 1252 sed
844 1190 964 1252 statum
980 1188 1067 1253 ducit
1084 1188 1276 1253 abundantis
1292 1189 1378 1273 cpis-

225 1294 305 1378 copi,
329 1294 470 1378 quinque
492 1293 613 1357 habens
636 1293 779 1358 incuria
803 1293 963 1358 adiutores
979 1298 1011 1358 et
1031 1293 1187 1358 familiam
1206 1294 1377 1378 copiosam,

226 1419 283 1462 nec
305 1401 412 1463 tamen
441 1397 536 1462 aliam
567 1398 781 1481 provisionem
812 1397 910 1463 habet
941 1403 997 1463 aut
1020 1400 1282 1483 competentiam,
1314 1399 1378 1463 nisi

225 1527 355 1568 suorum
386 1503 586 1567 subditorum
615 1507 806 1586 spontaneas
838 1503 1025 1570 oblationes.
1082 1505 1201 1570 Idcirco
1228 1509 1261 1570 et
1289 1525 1378 1569 com·

226 1611 365 1674 munitor
376 1607 531 1693 parochia
545 1607 602 1670 illa
617 1607 720 1670 virum
736 1607 834 1672 habet
844 1607 982 1692 aliquem
994 1610 1169 1694 egregium,
1185 1630 1376 1694 generosum

226 1719 258 1779 et
279 1715 417 1792 doctum,
441 1713 579 1797 dignum
598 1716 629 1775 et
652 1713 799 1777 meritum
823 1717 914 1778 tanto
938 1713 1098 1778 beneficio.

313 1817 444 1883 Sextum
467 1821 515 1882 est
537 1818 622 1901 quod
644 1817 701 1881 illa
723 1818 853 1882 ecclesie
877 1819 998 1883 cunctis
1021 1819 1102 1898 aliis,
1125 1819 1278 1884 audenter
1293 1819 1375 1900 dico,

225 1926 259 1990 in
282 1930 351 1989 toto
382 1923 617 1989 christianismo
648 1923 848 2007 populosior,
876 1923 1021 2008 quamvis
1051 1923 1136 1989 enim
1165 1924 1297 2010 grandis
1320 1925 1374 2004 sit,

226 2036 334 2095 tamen
356 2029 481 2094 festivis
504 2027 613 2093 diebus
637 2033 685 2092 est
707 2027 741 2092 in
765 2028 929 2093 condensis
952 2051 1052 2113 usqne
1074 2030 1114 2093 ad
1136 2051 1234 2094 cornu
1251 2029 1374 2108 altaris,

225 2141 257 2202 et
279 2135 341 2200 nisi
363 2137 469 2200 essent
491 2132 700 2210 monasteria,
724 2155 787 2197 non
811 2137 917 2217 posset
939 2153 1050 2218 capere
1080 2135 1243 2218 populum.-
1287 2157 1374 2200 corn·

225 2240 314 2306 muni
337 2261 429 2304 cursu
453 2243 594 2323 tempore
617 2237 759 2322 paschali
788 2239 1064 2304 communicantur
1087 2240 1172 2305 ultra
1195 2241 1376 2325 quindecim

226 2348 314 2412 milia
335 2345 501 2410 hominum
525 2345 558 2408 in
581 2365 626 2408 ea.

313 2450 501 2534 Septimum,
525 2449 608 2533 quod
632 2471 670 2514 ex
692 2449 749 2514 illo
773 2450 926 2533 sequitur,
950 2450 1103 2534 estquod
1127 2451 1198 2534 ipsa
1221 2449 1254 2514 in
1269 2472 1376 2514 sacra·

227 2561 405 2622 mentorum
428 2577 489 2620 usu
511 2559 559 2619 est
581 2557 702 2619 cunctis
725 2555 891 2640 frugalior.
936 2554 1021 2619 Nam
1037 2555 1189 2639 parochia
1204 2577 1267 2619 non
1285 2576 1377 2639 repe·

226 2663 317 2740 ritur,
341 2662 374 2724 in
398 2684 461 2744 qua
483 2660 592 2724 dietim
616 2665 665 2725 tot
687 2661 776 2744 pueri
808 2661 1026 2745 baptizentur,
1060 2659 1377 2744 proportionabiliter

226 2769 310 2833 enim
333 2767 418 2830 omni
442 2767 492 2830 die
515 2767 656 2850 quinque
678 2767 767 2850 pueri
794 2767 995 2850 baptizantur
1018 2767 1051 2830 in
1075 2765 1263 2852 baptisterio
1286 2765 1374 2829 illius

226 2873 373 2950 ecclesiee,
396 2871 478 2956 quod
503 2873 591 2956 regio
614 2873 723 2937 decore
746 2876 851 2936 exstat
866 2876 1023 2950 ornatum,
1046 2876 1079 2936 et
1093 2893 1202 2936 omnes
1217 2869 1372 2954 baptizati

225 2983 379 3042 notantur
394 2981 426 3040 et
440 2976 667 3040 inscribuntur.
707 2974 862 3040 Similiter
878 2981 925 3040 est
940 2977 979 3040 de
994 2977 1190 3042 confessione
1205 2981 1238 3040 et
1260 2976 1376 3040 eucha-

225 3084 332 3161 ristia,
364 3104 436 3147 raro
468 3081 553 3146 enim
583 3082 699 3145 transit·
721 3081 787 3146 dies
815 3081 972 3146 dominica
1007 3081 1082 3165 quin
1116 3085 1232 3164 praeter
1262 3079 1375 3145 missas

224 3189 422 3254 sacerdotum
445 3189 510 3251 sint
533 3186 800 3250 communicantes
823 3186 874 3250 vel
896 3185 1037 3271 gravidae
1059 3185 1107 3250 vel
1124 3207 1269 3269 personae
1284 3185 1375 3250 infir-

224 3317 284 3358 mae
307 3297 363 3358 aut
385 3292 565 3358 devotariae.

312 3399 466 3463 Octavum
491 3401 539 3461 est
554 3419 748 3480 consequens
764 3397 803 3460 ad
819 3396 884 3474 illa,
909 3397 993 3480 quod
1009 3397 1132 3462 excedit
1150 3397 1181 3460 in
1199 3395 1372 3480 sepultura.

224 3503 331 3567 Habet
353 3503 437 3567 enim
460 3502 611 3587 parochia
633 3503 691 3566 illa
721 3506 836 3586 praeter
867 3502 1071 3586 particularia
1104 3501 1280 3567 coemiteria
1311 3502 1375 3565 duo

223 3609 358 3693 grandia
381 3609 564 3687 coemiteria,
587 3629 687 3672 unum
710 3613 802 3672 extra
824 3609 863 3674 ad
887 3629 994 3672 omnes
1015 3606 1158 3686 Sanctos,
1182 3607 1269 3670 aliud
1288 3607 1375 3670 intra

224 3714 314 3778 iuxta
345 3712 544 3796 parochiam,
578 3712 611 3776 in
643 3713 759 3796 quibus
791 3713 946 3796 quottidie
977 3712 1125 3778 laborant
1158 3711 1374 3798 pollinctores.
1453 3708 1456 3714 ’
1531 3699 1532 3722 l

223 3817 440 3883 Coemiterium
463 3823 553 3882 extra
576 3817 673 3882 habet
698 3817 909 3901 poliandrium
942 3817 1019 3882 adeo
1049 3817 1173 3882 ossibus
1206 3817 1373 3901 repletum,

223 3945 259 3986 ac
275 3923 302 3986 si
318 3925 420 3987 omnis
437 3922 552 3988 Suevia
566 3945 637 3988 ossa
652 3945 783 3988 suorum
798 3922 1020 3988 defunctorum
1035 3922 1069 3986 in
1084 3945 1156 3986 eum
1173 3925 1367 4008 congereret

222 4029 342 4092 Dicunt
364 4032 469 4092 autem
486 4028 668 4112 sepelitores
684 4033 891 4106 mortuorum,
916 4027 999 4111 quod
1016 4027 1090 4091 dum
1114 4026 1242 4092 fodiunt
1270 4027 1316 4090 ibi
1339 4027 1373 4089 in

223 4133 334 4212 altum,
359 4134 476 4216 ubique
499 4133 665 4217 attingunt
689 4132 885 4196 firmissimos
908 4153 1034 4208 murce,
1067 4135 1146 4215 puta
1167 4129 1375 4195 fundamenta

222 4239 337 4322 prioris
361 4238 498 4302 ecclesiae
522 4237 729 4321 parochialis,
763 4259 834 4321 quae
856 4236 941 4300 haud
965 4235 1096 4299 dubium
1127 4234 1269 4320 gloriosa
1301 4235 1374 4314 init,

222 4347 259 4407 ut
282 4343 420 4426 produnt
449 4343 629 4408 artificiosae
657 4344 828 4426 sculpturae
858 4342 896 4406 de
926 4363 962 4405 ea
984 4339 1149 4404 translatae
1180 4345 1213 4405 et
1244 4343 1373 4406 insertae

221 4447 321 4510 muris
345 4447 430 4510 illius
454 4448 613 4512 modernae
637 4448 774 4512 ecclesiae
796 4469 891 4532 super
906 4447 988 4510 ostia
1003 4445 1120 4523 omnia,
1145 4445 1274 4530 dempto
1290 4445 1373 4510 ostio
