3014 4926
771 299 832 366 106

382 473 548 541 Crescente
569 473 648 542 Jesu
670 475 778 541 tunica
799 476 899 542 crevit
921 477 954 541 et
976 478 1132 540 staturam

305 599 357 658 coep
383 580 558 646 Secundum
582 579 661 646 Jesu
684 582 825 666 corporis
846 581 986 646 retinens
1007 601 1198 646 mensuram.

381 687 449 752 Hae
470 686 579 752 tunica
601 708 665 751 non
686 687 780 752 viluit
801 692 989 772 consumpta
1011 689 1179 766 vetustate,

381 791 441 858 Sed
464 813 587 876 semper
608 793 726 858 mansit
747 794 873 879 integra
895 815 967 858 oum
990 793 1094 877 prima
1115 793 1266 858 novitate.

380 895 448 963 Nec
469 901 596 971 vetusta
618 897 751 982 putruit,
775 920 831 963 nec
853 899 1108 978 consumebatur,

381 1003 448 1070 Nec
470 1003 556 1068 facta
578 1003 641 1068 luit
662 1003 765 1084 vilior,
788 1025 846 1069 nec
868 1004 1076 1070 lacerabatur.

303 1129 354 1165 socc
381 1107 487 1194 Ipsam
509 1107 603 1174 Jesus
625 1109 729 1174 tenuit
751 1129 873 1194 semper
895 1109 955 1174 bac
977 1109 1107 1174 indutus

380 1212 441 1280 Per
462 1218 598 1282 mortem
620 1215 718 1281 donec
740 1236 869 1302 corpore
891 1215 975 1281 foret
997 1215 1058 1281 hoc
1079 1219 1202 1282 exutis.

224 1515 329 1601 Quod
363 1517 473 1593 Jesus
509 1519 678 1594 ascendit
705 1520 917 1594 Jerusalem
957 1539 1042 1593 cum
1079 1517 1273 1593 duodecim
1305 1539 1370 1589 an·

659 1665 794 1717 norum
821 1646 931 1718 esset.

380 1847 459 1915 Cum
480 1847 574 1915 Jeaus
596 1872 675 1934 puer
696 1849 799 1914 faetus
821 1855 870 1914 est
893 1849 1057 1929 duodecim
1079 1871 1246 1930 annorum,

381 1956 535 2021 Ascendit
556 1957 590 2020 in
613 1954 791 2020 Jerusalem
813 1955 852 2019 ad
875 1955 992 2020 festum
1014 1953 1189 2020 Judeorum

380 2059 452 2127 Suis
475 2083 545 2126 curn
568 2060 764 2146 parentibus,
788 2061 843 2145 qui
866 2065 1035 2146 postquam
1056 2063 1248 2146 peregerunt

301 2183 352 2224 θοοῦ
379 2165 466 2231 Festi
487 2166 745 2232 consuetudinem
768 2165 897 2230 domum
919 2165 1090 2231 redierunt.

378 2269 499 2335 Mansit
522 2275 627 2336 autem
650 2293 727 2356 puer
749 2269 842 2336 Jesus
865 2271 899 2335 in
921 2270 1051 2354 templo,
1075 2269 1232 2335 nesciente

378 2375 483 2444 Matre
505 2399 562 2441 sua
584 2398 654 2442 cum
677 2375 797 2461 Josepb
818 2375 947 2440 domum
973 2379 1167 2453 revertente3

378 2480 414 2546 In
439 2481 591 2548 comitatu
614 2503 746 2566 puerum
769 2479 927 2566 putabant
949 2503 1023 2545 nam
1047 2481 1148 2546 redire

378 2585 458 2651 Cum
480 2587 624 2671 cognatis
647 2587 713 2652 sive
734 2587 819 2651 notis
842 2585 892 2651 vel
914 2608 987 2651 cum
1009 2586 1118 2651 amicis
1140 2587 1196 2652 ire.

301 2711 354 2750 acro
381 2690 441 2758 Sed
463 2713 533 2756 eum
556 2692 618 2756 iter
639 2692 704 2756 iam
725 2692 819 2756 unius
842 2692 903 2757 diei
926 2691 1156 2771 transivissent

378 2798 422 2862 Et
445 2801 610 2882 querentes
632 2819 764 2882 puerum
787 2819 944 2883 nusquam
966 2798 1170 2877 invenissent,

377 2901 508 2968 Iverunt
528 2903 562 2967 in
585 2903 762 2968 Jerusalem
784 2903 847 2968 cito
871 2907 1074 2982 revertentes,

377 3006 487 3092 Usque
509 3008 591 3074 diem
613 3009 744 3074 tertium
767 3009 850 3074 bunc
871 3008 917 3074 ibi
940 3009 1144 3093 requirentes.

378 3111 521 3178 Tandem
543 3113 628 3179 bunc
649 3114 816 3188 inveniunt
837 3114 871 3178 in
894 3113 1013 3199 templo
1036 3114 1224 3180 residentem

297 3201 351 3274 'acra
376 3215 415 3282 In
438 3217 541 3282 medio
564 3218 747 3304 pontificum
771 3223 804 3284 et
825 3219 909 3303 ipsos
932 3218 1128 3298 audientem3

378 3320 513 3389 Sedebst
535 3347 608 3388 nam
631 3325 664 3388 in
686 3323 790 3388 medio
812 3324 977 3389 doctorum
1000 3322 1165 3402 audiendo,

378 3427 468 3504 Quod
491 3429 531 3494 ab
554 3429 618 3494 illis
641 3431 812 3495 docebatur
833 3433 866 3494 et
887 3429 973 3513 ipsos
996 3429 1184 3514 requirendo

377 3531 521 3609 Queaivit
543 3538 575 3599 et
597 3535 753 3619 opposuit,
777 3535 901 3600 obiecta
923 3534 1138 3614 concludebat,

377 3635 594 3724 conclusaque
617 3639 777 3706 subtiliter
798 3640 1011 3705 determinans
1034 3640 1187 3705 solvebat.

299 3761 351 3799 ³⁰⁸⁰
378 3740 440 3808 Sue
462 3744 618 3828 sapientia
641 3767 733 3810 nemo
755 3745 934 3831 magiorum

378 3845 577 3934 Respondere
601 3850 701 3914 valuit
722 3871 780 3915 nec
801 3849 1029 3934 phariseorum.

376 3951 472 4018 Suam
495 3955 684 4038 sapientiam
706 3955 811 4020 cuncti
834 3956 1034 4022 mirabantur

377 4057 414 4123 In
437 4060 595 4145 responsis
619 4083 680 4146 que
701 4083 758 4146 per
780 4083 852 4127 aum
875 4063 1080 4147 querentibus
1103 4064 1272 4128 dabantur.

377 4163 480 4230 Mater
502 4166 569 4231 eius
591 4187 725 4232 evocans
747 4189 819 4231 eum
841 4167 923 4231 dixit
945 4167 993 4231 ei:

298 4287 350 4325 acea
378 4268 425 4335 »Ο
448 4271 492 4335 mi
515 4270 563 4336 fili
585 4271 676 4336 unice
698 4271 811 4337 dilecte
833 4271 935 4336 cordis
958 4273 1030 4352 mei,

375 4373 457 4454 Quid
480 4375 584 4441 fecisti
607 4375 699 4441 nobis
722 4376 776 4456 sio,
801 4376 877 4461 quia
898 4397 957 4442 nos
978 4377 1121 4443 dolentes
