3080 4938
716 360 757 422 43

158 557 268 600 eorum
283 557 373 598 usum
391 537 517 598 tantum
533 533 680 612 deservit,
702 534 863 619 habetque
880 516 984 600 arcem
1010 535 1177 618 pulchram
1200 559 1309 620 snper-

158 642 358 706 eminentem.
411 636 486 702 Alia
508 641 602 721 porta
630 641 677 702 est
708 643 801 722 porta
823 638 934 702 Pontis
965 641 1091 725 gregis,
1126 664 1182 726 per
1215 665 1309 726 quarn

159 745 325 810 Danubius
350 747 446 827 ponte
469 743 624 807 transitur
641 740 670 817 ¹,
700 749 732 806 et
754 743 830 827 qnia
853 748 942 807 extra
965 766 1035 808 eam
1058 751 1135 810 sunt
1158 747 1308 811 latissimi

158 849 261 934 campi
284 850 324 914 ad
347 869 465 932 pascua
487 869 632 932 gregum,
656 847 775 912 dicitur
797 853 891 931 porta
915 846 1027 932 Gregis
1050 851 1165 933 pontis.
1211 851 1309 916 habet

159 955 228 1020 haec
250 959 344 1038 porta
374 953 490 1018 celsam
523 975 625 1017 arcein
650 957 682 1018 et
704 953 849 1018 decoram
872 952 1018 1037 pluribus
1053 955 1245 1021 culminibus
1276 957 1309 1020 in

158 1083 297 1139 summu,
321 1063 353 1124 et
375 1059 532 1142 sculptam
556 1079 679 1124 crucam
702 1059 854 1142 grandem
885 1059 917 1122 in
951 1059 1031 1124 facie
1054 1061 1139 1144 gerit
1160 1083 1232 1125 cnm
1256 1062 1310 1127 de-

158 1167 251 1250 pictis
274 1164 468 1251 imaginibns
485 1163 668 1248 Principum
685 1164 867 1229 Electorum
883 1165 1007 1247 imperii
1031 1169 1186 1230 eteorum
1204 1189 1308 1232 armo·

158 1293 229 1334 rum
251 1269 440 1356 insignibus.
488 1267 525 1333 ln
541 1291 578 1333 ea
600 1273 675 1333 snnt
697 1290 820 1352 semper
843 1270 905 1334 duo
921 1270 1077 1335 tubicines
1095 1271 1206 1357 vigiles
1222 1273 1309 1336 clan-

158 1379 269 1462 gentes
292 1381 324 1440 et
348 1375 520 1439 iubilantes
544 1394 636 1437 mane
659 1380 691 1437 et
706 1395 835 1456 vespere
858 1380 890 1437 et
908 1374 1011 1438 media
1027 1379 1128 1455 nocte,
1150 1381 1182 1441 et
1204 1375 1236 1440 in
1253 1377 1308 1440 ad-

158 1485 255 1546 ventu
278 1485 482 1546 armatorum.
530 1478 648 1544 Contra
671 1479 856 1543 orientalem
880 1479 1008 1563 plagam
1039 1501 1104 1544 una
1136 1483 1184 1545 est
1214 1487 1309 1564 porta

157 1585 243 1650 dicta
261 1587 429 1664 Aucarum,
453 1607 522 1668 quae
538 1605 621 1648 nova
637 1588 694 1649 est.
737 1583 816 1648 Haec
836 1585 910 1648 dnm
928 1585 1146 1666 aedificaretnr,
1170 1586 1308 1652 interro·

156 1691 279 1775 gabant
301 1691 460 1756 artificum
482 1691 628 1776 magistri
645 1690 830 1774 praefectum
846 1711 976 1773 opernm
992 1694 1024 1755 et
1042 1692 1221 1774 optimates,
1244 1715 1307 1776 quo
1318 1691 1402 1770 ,3⁰22

157 1796 286 1861 nomine
301 1819 370 1861 eam
385 1801 542 1876 vocarent,
559 1797 598 1861 cd
614 1797 698 1880 quod
714 1797 843 1880 qnidam
861 1797 925 1860 ait:
949 1819 1063 1862 nomen
1080 1796 1197 1862 habeat
1212 1799 1306 1882 primi

157 1901 320 1979 animalis,
351 1902 435 1986 quod
466 1923 522 1986 per
544 1923 611 1966 earn
635 1902 696 1965 iter
719 1901 874 1984 acceperit
896 1903 945 1966 vel
968 1903 1109 1966 exeundo
1133 1902 1182 1967 vel
1204 1903 1307 1968 intro-

157 2007 271 2071 eundo.
312 2007 422 2072 statim
445 2011 568 2086 autem,
598 2011 634 2070 nt
667 2011 777 2091 aperta
800 2005 880 2086 luit,
904 2007 1033 2072 advenit
1055 2029 1134 2093 grex
1157 2029 1307 2072 aucarum

158 2115 265 2180 exiens
289 2116 327 2179 ad
350 2119 478 2200 pastum
508 2119 540 2179 et
571 2115 611 2178 ad
634 2137 769 2199 aquarn,
805 2117 837 2178 et
859 2120 1047 2198 perpetuum
1069 2135 1183 2178 nomen
1207 2117 1307 2197 portae

157 2217 296 2304 reliquit.
343 2218 420 2284 Haec
443 2224 536 2303 porta
562 2219 771 2284 fundamenta
805 2219 932 2304 quidem
966 2221 1039 2284 altae
1070 2219 1150 2284 arcis
1183 2217 1306 2284 habet⁸

157 2324 363 2409 abantiquo,
388 2329 497 2389 nostro
529 2328 636 2390 autern
660 2347 727 2390 aevo
751 2325 891 2389 exultata
923 2328 971 2390 est
1001 2347 1058 2390 arx
1089 2325 1123 2389 in
1153 2323 1306 2404 decorem,

158 2429 313 2492 existente
335 2429 490 2514 magistro
513 2429 628 2494 civium
653 2431 801 2513 prudenti
825 2431 894 2494 viro
916 2429 1040 2495 Joanne
1057 2430 1201 2516 Ehinger
1223 2453 1307 2494 anno

157 2535 277 2599 domini
303 2536 396 2600 1497.
443 2536 570 2602 Extunc
593 2541 699 2602 autem
723 2535 810 2601 aliud
834 2559 948 2602 nomen
972 2537 1092 2620 accepit
1113 2535 1181 2600 hrec
1203 2539 1305 2619 porta,

157 2641 260 2725 magis
282 2641 399 2705 rationi
422 2663 595 2707 consonum
618 2647 650 2707 et
672 2642 799 2706 veritati
823 2641 1001 2720 conforme,
1034 2641 1109 2726 quia
1132 2663 1204 2725 pars
1227 2641 1305 2705 civi-

156 2747 234 2810 tatis
258 2746 298 2811 ab
320 2747 407 2811 intra
428 2747 519 2812 iuxta
541 2748 631 2812 illam
654 2747 803 2832 portam³
829 2747 944 2811 dicitur
967 2747 1005 2811 ad
1030 2769 1157 2826 arenas,
1191 2767 1305 2811 nomen

155 2851 223 2916 eius
248 2857 347 2936 portae
369 2853 489 2917 dictum
513 2857 561 2918 est
583 2857 676 2936 porta
700 2853 813 2917 Arenae
836 2851 886 2917 vel
908 2849 1106 2931 Arenarum,
1130 2851 1306 2936 vulgariter

157 2955 324 3022 Criesthor
346 2961 378 3022 et
409 2980 473 3022 non
497 2955 668 3022 Gtinsthor.
714 2957 833 3022 Contra
863 2959 1112 3040 septentrionem
1142 2962 1190 3022 cst
1214 2963 1306 3042 porta

156 3061 259 3128 sancti
275 3063 453 3128 Leonhardi
470 3063 547 3144 (iam
564 3064 665 3128 beatas
680 3063 826 3148 Virginis
841 3063 1049 3146 nuncupata),
1074 3063 1149 3146 quia
1164 3085 1220 3146 per
1236 3085 1305 3126 eam

155 3169 222 3232 itur
245 3169 278 3232 in
302 3169 464 3234 ecclesiam
487 3169 588 3234 sancti
614 3167 802 3246 Leonhardi,
824 3168 858 3231 in
881 3155 944 3250 qua
967 3167 1060 3230 beata
1083 3165 1185 3248 Virgo
1209 3167 1306 3230 mire·

155 3274 236 3339 culis
259 3275 377 3340 clarere
400 3275 497 3359 coepit
519 3279 551 3339 et
572 3295 687 3338 nomen
711 3277 811 3357 portae
834 3271 958 3336 tribuit.
982 3271 1051 3335 haec
1073 3273 1167 3356 porta
1189 3271 1306 3334 turrim

154 3379 254 3444 habet
277 3380 375 3444 altam
399 3385 431 3444 et
453 3381 592 3458 firmam,
617 3379 705 3443 cuins
729 3378 895 3461 adspectus
919 3397 1047 3441 auream
1070 3375 1228 3459 sculptam
1252 3377 1305 3440 de-

155 3489 315 3550 monstrat
337 3507 471 3565 crucem,
494 3491 526 3550 et
547 3485 581 3550 in
605 3507 641 3550 ea
663 3489 710 3549 est
734 3485 830 3549 etiam
853 3483 932 3568 vigil
948 3481 1091 3546 tubicine
1114 3481 1162 3544 vel
1178 3478 1305 3546 tubicen

155 3591 308 3676 clangens
338 3592 414 3655 dnm
444 3591 537 3656 debet
569 3589 618 3654 vel
645 3589 720 3654 dum
752 3589 831 3654 vult.
877 3587 965 3653 Inter
996 3585 1244 3671 septentrionem
1274 3589 1306 3650 et

156 3697 351 3762 occidentem
373 3701 421 3762 est
444 3701 537 3780 porta
559 3695 661 3775 Nova,
685 3696 730 3760 sic
753 3695 837 3759 dicta
860 3695 936 3779 quia
959 3693 1083 3757 noviter
1105 3690 1208 3770 faeta,
1233 3713 1304 3755 cnm

155 3803 238 3867 turri
262 3802 328 3866 alta
350 3805 383 3867 et
406 3805 519 3866 ornata
533 3801 715 3887 insignibus
730 3801 885 3885 passionis
901 3799 1041 3864 Domini.
1087 3795 1206 3862 Contra
1223 3797 1305 3861 occi·

722 3918 740 3958 a

230 4004 243 4056 l
263 4004 364 4072 potens
382 3999 521 4056 transitur
541 4001 614 4056 Mon.
637 4004 657 4055 1.
728 3999 857 4062 2habet,
877 3997 923 4052 sed
943 3996 1066 4074 nondum
1084 3998 1127 4051 est
1145 3996 1258 4052 elevata
1276 3995 1305 4050 in

156 4089 258 4146 altum.
295 4089 367 4145 Mon.
388 4091 400 4142 1
422 4089 478 4142 und
498 4087 578 4144 Gold.
598 4091 637 4142 ut.
676 4087 759 4142 Beide
777 4085 870 4140 haben
888 4085 1025 4140 demnach
1044 4082 1090 4139 die
1109 4084 1212 4149 tltere,
1231 4087 1305 4139 erata

156 4179 274 4244 fussnng
292 4175 340 4230 des
359 4177 512 4240 tractatus,
539 4176 608 4230 alles
627 4175 758 4246 folgende
782 4175 825 4252 bis
844 4173 1001 4242 vulgariter
1020 4171 1171 4228 Griessthor
1197 4179 1225 4226 et
1250 4191 1305 4227 non

158 4263 301 4320 Canathor
320 4263 392 4317 fehlt
410 4263 454 4318 bei
472 4263 574 4329 ihnen;
595 4264 640 4318 die
660 4263 766 4318 andern
785 4262 997 4317 handsohriften
1010 4259 1102 4313 huben
1121 4275 1149 4313 es
1169 4257 1232 4312 alle.
1270 4259 1305 4311 Es

156 4369 224 4422 mag
243 4351 317 4408 wohl
338 4351 407 4406 noch
427 4351 488 4407 cine
507 4351 708 4422 verbesserung
728 4369 781 4408 von
802 4349 898 4405 Frater
917 4349 993 4404 Felix
1012 4347 1099 4402 selbst
1118 4347 1185 4402 sein.
1232 4347 1249 4401 3
1269 4347 1305 4400 ad

156 4457 256 4498 arenas
275 4439 331 4494 sita
350 4443 392 4493 est
412 4439 495 4496 Woll.
534 4439 588 4494 ller
608 4457 690 4494 name
710 4439 851 4494 thstbor
870 4437 908 4491 ist
927 4437 1060 4506 dbrigens
1079 4435 1235 4506 geblieben.
