2996 4924
662 355 703 420 25

198 548 236 586 eoo
265 527 369 612 Atque
391 549 480 592 auam
504 526 642 592 hostiam
666 525 779 592 offerre
802 528 986 608 voluisseut,

263 633 312 699 Ad
334 633 424 698 illam
446 655 524 718 puer
546 632 684 698 hostiam
708 655 837 698 manum
862 635 1051 700 extendebat

261 739 304 804 Et
326 759 484 802 unacum
506 737 692 822 parentibus
714 737 817 820 ipsam
841 737 1013 815 offerebat;

261 843 371 930 Atque
393 865 485 908 suum
507 841 683 908 reclinabat
705 847 801 927 caput
824 844 864 908 ad
887 845 998 922 altare,

262 951 311 1017 Ac
332 950 360 1014 si
382 971 416 1014 se
439 948 534 1014 vellet
556 948 701 1032 precibus
724 948 780 1013 deo
804 949 998 1014 comendare.

197 1073 236 1112 soa
263 1053 325 1131 Qui
347 1056 507 1139 presentes
531 1052 663 1117 aderant
685 1051 857 1137 plurimum
881 1054 1053 1138 stupebant

262 1159 310 1226 De
332 1159 485 1224 mirandis
507 1159 597 1244 pueri
618 1157 713 1254 lactis
735 1163 767 1224 et
789 1160 945 1240 dicebant,
989 1241 994 1251 ⁹
1064 1163 1066 1168 '

263 1263 352 1340 Quod
375 1263 459 1330 foret
481 1265 596 1330 eximia
618 1263 722 1348 proles
744 1263 803 1329 hec
826 1263 944 1345 futura,

264 1371 308 1436 Er
332 1371 416 1456 quod
439 1373 521 1436 esset
543 1369 733 1455 dignitatem
755 1391 905 1455 magnam
929 1372 1091 1456 adeptura.

264 1474 411 1543 Universi
435 1477 611 1542 sacerdotes
634 1476 672 1542 de
694 1475 788 1542 factis
811 1477 1011 1544 mirabantur

197 1601 236 1637 διο
262 1579 399 1648 Infantis
421 1585 453 1648 et
475 1582 662 1666 parentibus
685 1583 1002 1667 congratulabantur,

263 1685 354 1762 Quod
376 1687 415 1752 de
437 1687 511 1753 celis
534 1687 680 1752 dominus
704 1688 789 1772 ipsos
812 1688 973 1755 visitasset

264 1791 308 1858 Et
330 1815 383 1858 eos
405 1792 589 1858 beatissima
611 1793 699 1878 prole
722 1793 929 1860 fecundasset.

264 1895 407 1983 ipsisque
430 1899 616 1982 parentibus
639 1899 793 1964 dederunt
815 1899 848 1964 in
873 1899 1040 1984 mandatis,
1123 1921 1128 1938 ·

264 2001 320 2083 Ut,
343 2025 414 2069 cum
437 2027 515 2088 puer
537 2009 657 2089 septem
681 2027 780 2070 annos
802 2005 964 2088 implesset
985 2004 1050 2069 iarn
1072 2005 1177 2084 etatis,

200 2125 239 2164 ⁶¹⁶
266 2107 372 2194 Ipsam
394 2109 428 2174 in
451 2107 629 2175 Jerusalem
651 2110 798 2176 reducere
821 2109 980 2188 deberent,

265 2213 500 2295 Permittentes,
523 2216 608 2300 quod
630 2237 698 2280 eam
722 2237 794 2280 cum
817 2216 929 2282 ceteris
954 2219 1099 2281 tenerent

264 2318 464 2404 Virginibus,
488 2343 549 2406 que
571 2321 690 2406 iugiter
711 2321 758 2386 ibi
780 2320 989 2386 morabantur

264 2421 365 2490 Juxta
386 2426 540 2510 templum
564 2425 743 2492 Salomonis
766 2431 798 2491 et
820 2426 1060 2491 famulabantur

264 2529 332 2596 Deo
354 2553 427 2596 cnm
448 2532 624 2612 devotione,
647 2531 821 2617 templique
843 2532 995 2598 tenebant

202 2653 241 2691 ⁶²⁰
268 2634 450 2730 Custodiam
474 2643 506 2702 et
529 2637 685 2702 luminum
709 2659 879 2722 curamque
902 2637 1072 2723 gerebant;

264 2739 373 2806 Etiam
395 2740 582 2806 altariorum
605 2745 815 2826 ornatumque
836 2741 990 2822 lecerunt,

266 2845 373 2931 Atque
395 2847 541 2912 sacrificii
564 2867 639 2911 vasa
661 2845 903 2912 mundaverunt.

266 2951 389 3018 Jubent
411 2974 487 3038 ergo
509 2953 698 3030 sacerdotes,
721 2956 758 3016 ut
780 2973 913 3036 puerum
935 2957 1081 3036 parentes

266 3057 432 3124 Deducant
455 3063 528 3143 post
549 3057 719 3142 septimum
742 3079 871 3135 annum,
894 3057 1123 3142 permittentes,

203 3182 242 3222 επ
268 3163 358 3241 Quod
379 3185 542 3230 eumcum
566 3162 745 3248 virginibus
768 3163 885 3228 vellent
907 3163 1070 3243 collocare,

267 3268 313 3336 Ut
334 3291 407 3335 cum
429 3269 480 3334 his
502 3270 536 3334 in
558 3269 652 3334 domo
674 3268 724 3332 dei
746 3268 847 3353 possit
870 3268 1059 3333 ministrare.

267 3374 344 3441 Post
366 3374 425 3440 bec
447 3377 594 3458 parentes
618 3373 750 3438 redeunt
771 3372 934 3438 Nazareth
955 3375 1139 3458 gaudentes,

267 3480 378 3547 Secum
401 3480 618 3546 beatissimam
641 3477 762 3563 prolem
785 3477 978 3544 reducentes.

267 3585 333 3651 Hac
356 3585 459 3670 proles
483 3583 708 3670 aparentibus
731 3583 876 3649 decenter
899 3584 1050 3650 educatur

206 3709 242 3746 ⁶³⁰
266 3689 311 3755 Et
332 3691 366 3755 in
388 3690 475 3756 omni
499 3689 666 3774 disciplina
688 3711 745 3773 per
768 3689 853 3774 ipsos
875 3687 1086 3767 informatum

267 3795 412 3862 Moribus
434 3795 616 3876 instruitur,
640 3795 701 3860 lide
724 3795 903 3874 roboratur,
968 3839 973 3850 .

266 3899 448 3966 Virtutibus
471 3900 625 3981 induitur,
648 3901 768 3986 pudore
790 3900 993 3978 subornetur,

267 4005 397 4072 Servare
419 4005 604 4090 pudicitiam
628 4005 668 4070 ab
692 4005 770 4090 ipsis
793 4005 991 4084 admonetur,

1261 3793 1275 3834 t

269 4109 431 4176 Bonorum
454 4111 627 4176 amicitiem
650 4109 783 4196 diligere
806 4109 945 4175 docetur.
1075 4100 1095 4179 f

209 4233 244 4270 ωε
270 4215 450 4300 Tenereque
472 4215 608 4282 letitiam
630 4215 764 4300 spiritus
785 4215 924 4294 iubetur,

269 4319 312 4386 Et
332 4320 444 4407 fugere
465 4321 632 4389 tristitiam
654 4321 751 4390 seculi
774 4321 935 4387 suadetur.
