3072 4936
674 358 735 426 109

127 561 192 623 qua
215 536 339 604 familia
369 535 445 602 olim
469 541 573 602 castra
595 535 767 602 incolentes
797 535 880 600 siout
912 533 968 599 alii
998 533 1119 600 nobiles
1152 533 1277 600 militiae

128 643 294 709 vacabant.
341 642 417 709 Post
444 646 568 726 tempus
591 645 698 707 autem
721 639 872 724 oppidum
902 637 1118 725 Memmingen
1141 639 1277 725 ingressi

128 748 216 814 civili
239 748 313 814 ritae
336 770 369 812 se
384 745 637 812 conformabant.
685 745 732 810 Do
748 746 808 810 hac
830 743 953 810 familia
973 765 1055 808 unus
1078 765 1145 810 aero
1168 749 1277 810 nostro

128 853 258 921 Ulmam
282 852 410 918 advenit
432 851 541 938 ibique
562 852 596 918 iu
619 851 740 917 tribum
762 850 925 935 propriam
952 871 1093 916 crescens
1117 849 1220 915 clarus
1243 851 1277 914 in
1341 843 1345 852 ’

126 961 278 1026 societate
300 958 455 1024 nobilium
488 959 604 1024 oirium
628 957 764 1022 habetur
787 960 819 1021 et
842 977 973 1041 prosper
988 954 1008 1021 ¹.
1055 955 1148 1021 Unde
1171 959 1277 1021 antem

127 1064 259 1130 familiae
274 1064 321 1130 illi
339 1064 398 1129 hoc
413 1085 529 1129 nomen
544 1062 716 1141 advenerit,
740 1065 862 1126 certum
876 1065 1006 1146 propter
1021 1060 1110 1146 longi
1126 1059 1278 1145 tmporis

127 1164 254 1236 cursum
288 1191 349 1234 non
383 1168 529 1234 habetur.
575 1167 696 1233 Notum
728 1171 836 1232 tamen
867 1171 916 1232 est
945 1189 1015 1232 earn
1046 1166 1131 1230 aliud
1162 1187 1282 1244 nomen,

126 1275 277 1340 habuisse
292 1273 392 1340 statui
414 1296 471 1338 suo
487 1272 590 1356 magis
605 1293 792 1356 congruum.
837 1269 912 1337 Non
928 1275 1033 1336 autem
1056 1275 1131 1336 sunt
1146 1269 1278 1335 familiae

126 1378 305 1444 iudicandae
321 1376 445 1443 nobiles
458 1381 587 1462 propter
599 1375 746 1464 egregrie
761 1375 892 1440 nomina
907 1375 956 1440 vel
973 1374 1132 1461 ignobiles
1148 1379 1278 1460 propter

129 1485 289 1568 despecta,
314 1483 390 1569 quia
405 1481 549 1548 definitio
564 1479 744 1546 nobilitatis
760 1503 824 1545 non
840 1479 934 1545 datur
950 1480 988 1544 dc
1003 1480 1139 1545 nominc.
1186 1478 1279 1546 Unde

127 1589 288 1670 ridemus,
320 1589 405 1674 quod
435 1585 624 1672 quandoque
647 1585 793 1651 vilissimi
824 1583 967 1650 homines
997 1583 1030 1648 in
1059 1584 1124 1650 suis
1146 1584 1278 1650 fanriliis

125 1693 261 1780 pulchre
282 1698 315 1760 et
337 1698 451 1760 ornata
475 1693 595 1758 hebent
610 1693 749 1772 nomina,
773 1695 805 1756 et
827 1689 949 1754 nobiles
973 1711 1201 1776 nonnunquam
1223 1691 1278 1756 de·

35 1833 42 1840 ·
126 1803 236 1884 specta
257 1799 378 1866 habent
400 1797 540 1864 nomina.
564 1795 704 1862 finaliter
726 1795 811 1862 enim
834 1799 1000 1860 mutantur
1022 1795 1195 1862 secundnm
1218 1796 1277 1860 ali·

128 1927 226 1990 quam
248 1904 459 1970 conditionem
485 1907 517 1968 et
539 1901 767 1987 proprietatem
784 1904 940 1984 repertam
964 1900 999 1964 in
1022 1899 1130 1986 aliqua
1153 1899 1278 1966 familia

127 2009 178 2074 rel
200 2009 235 2074 in
267 2031 402 2095 persona
432 2007 572 2074 familiae.
619 2006 729 2072 Potuit
760 2005 845 2072 enim
874 2025 956 2086 esse,
990 2006 1074 2090 qued
1106 2005 1221 2091 aliquis
1243 2006 1277 2070 in

126 2112 262 2196 familia,
286 2113 323 2178 de
339 2135 402 2198 qua
417 2111 588 2196 loquimur,
611 2110 709 2175 fuerit
724 2109 871 2196 egregius
888 2111 1084 2197 sagittarius,
1101 2117 1133 2177 et
1150 2111 1276 2197 magni-

129 2217 189 2284 lica
204 2216 307 2304 egerit
322 2215 355 2280 in
373 2215 466 2280 rebus
482 2214 614 2294 bellicis,
638 2219 670 2280 et
684 2213 787 2280 multa
802 2215 984 2300 acquisierit
1003 2215 1161 2282 industria
1176 2217 1276 2302 sagit·

127 2321 229 2402 tandi,
247 2325 279 2387 ct
294 2322 368 2386 inde
382 2342 495 2386 nomen
513 2321 575 2386 sibi
591 2325 624 2386 et
638 2319 869 2386 successoribus
884 2319 950 2385 suis
966 2321 1180 2406 acquisiverit.
1225 2319 1278 2388 Sio

126 2430 225 2495 etiam
258 2427 296 2492 de
323 2425 410 2492 facto
441 2425 578 2512 contigit
609 2426 733 2492 auidam
763 2424 893 2491 familiae
924 2426 1063 2492 civitatis
1086 2427 1277 2504 Turioensis,

117 2556 198 2621 ,quae
220 2532 314 2598 bodie
336 2531 520 2597 nominatur
543 2529 691 2610 Schmid,
724 2535 756 2596 et
779 2531 885 2596 omnia
917 2531 984 2596 eius
1007 2531 1171 2616 supposita
1193 2531 1277 2596 febri

126 2639 293 2718 dicuntur,
317 2641 349 2702 et
371 2641 477 2702 tamen
501 2638 535 2701 in
559 2637 719 2702 memoriis
743 2659 800 2702 nco
822 2637 940 2702 nostris
963 2659 1020 2702 nec
1042 2642 1277 2704 antecessorum

124 2747 310 2810 nostrorum
333 2745 397 2822 est,
430 2742 514 2826 quod
537 2741 652 2827 aliquis
674 2741 760 2808 inter
782 2764 835 2808 eos
866 2741 964 2807 fucrit
992 2747 1060 2808 arte
1083 2743 1190 2824 seber,
1222 2743 1277 2830 qui

127 2851 326 2914 nutrimenta
341 2847 398 2912 illa
420 2853 489 2913 orte
504 2847 695 2933 quaesiverit.
740 2845 801 2914 Sed
824 2847 885 2914 hoe
908 2853 956 2914 est
974 2871 1092 2930 rerum,
1115 2849 1199 2934 quod
1215 2849 1277 2912 viri

125 2975 235 3018 omnes
267 2951 354 3016 illius
392 2951 522 3018 familiae
552 2951 592 3017 ad
622 2951 842 3020 fabricandum
874 2957 950 3020 sunt
981 2953 1137 3040 dispositi.
1183 2951 1276 3019 Unde

125 3063 269 3143 tempore
293 3079 364 3122 meo
387 3053 576 3122 Oswaldus²
602 3055 741 3138 Schmid,
764 3057 933 3143 praefeotus
955 3061 1124 3126 comitatus
1147 3058 1277 3142 Kybur-

124 3161 252 3250 gensis,
286 3161 427 3248 quinque
450 3161 564 3227 habuit
586 3161 669 3227 tilios
692 3163 872 3249 elegantes,
906 3170 1075 3230 armeturae
1098 3164 1220 3229 deditos
1244 3169 1277 3229 et

126 3267 349 3334 venationibus
372 3274 531 3334 vacantes.
576 3267 698 3346 Quibus
722 3274 829 3335 tamen
857 3291 921 3336 non
945 3271 1146 3336 obstantibus
1170 3293 1276 3336 omnes

124 3377 195 3440 sine
217 3374 348 3440 docente
372 3375 515 3440 sciebant
538 3375 651 3441 malleo
674 3373 729 3463 [et]
753 3375 828 3460 igne
850 3377 980 3442 metalla
995 3375 1118 3442 diversa
1141 3375 1275 3460 operari,

124 3485 163 3546 ut
178 3483 258 3564 puta
280 3479 449 3546 sufferrare
464 3503 571 3566 equos,
596 3479 752 3546 fabricare
768 3480 873 3546 elavos
897 3486 929 3547 ct
944 3481 1147 3561 ferramenta,
1171 3479 1276 3547 facere

125 3607 212 3652 serae
235 3589 267 3650 et
289 3583 402 3666 claves,
426 3585 559 3652 fundere
574 3585 765 3652 bombardae
789 3589 821 3652 et
836 3609 1006 3671 campanas
1029 3608 1065 3652 ao
1079 3585 1170 3666 ollas,
1194 3585 1273 3652 etin

124 3714 204 3760 auro
227 3713 308 3758 unns
330 3714 439 3758 eorum
462 3695 532 3757 erat
552 3693 705 3777 magister
737 3697 894 3778 expertus.
940 3691 1074 3771 Quidam
1107 3696 1213 3758 autem
1237 3712 1277 3758 ex

126 3798 191 3864 illis
214 3795 371 3862 fratribus
392 3795 490 3862 cliens
513 3800 582 3862 erat
604 3797 637 3860 in
660 3796 747 3861 curia
770 3797 890 3862 domini
913 3798 951 3863 de
972 3795 1198 3884 Wirtenberg,
1221 3799 1276 3883 qui

123 3925 208 3988 saepe
224 3901 306 3968 dixit
328 3901 419 3983 mibi,
442 3901 528 3987 quod
543 3901 662 3967 dudum
684 3901 769 3968 inter
790 3903 913 3968 nobiles
928 3902 1042 3968 fuisset
1064 3907 1275 3987 computatus,

123 4008 150 4072 ei
181 4007 284 4072 solum
315 4007 401 4072 aliud
436 4007 602 4074 habuisset
631 4030 755 4076 nomem
802 4007 887 4074 Nam
915 4013 1046 4094 propter
1074 4008 1135 4074 hoc
1161 4031 1276 4074 nomen

693 4114 709 4150 ὴ

200 4190 213 4243 l
234 4189 263 4244 et
280 4205 332 4259 pro
350 4205 459 4260 semper
473 4188 593 4244 Sabmid.
605 4189 691 4245 Wibl.
729 4193 758 4246 et
776 4207 891 4262 prosper
903 4190 975 4247 lion.
989 4191 1013 4246 2.
1032 4189 1132 4246 Schad.
1150 4189 1193 4242 ill.
1206 4187 1275 4244 Golr.

125 4277 142 4332 2
161 4275 340 4332 Osthrraldue
358 4277 425 4333 oder
442 4277 625 4334 Osotwaldua
643 4278 719 4334 Mon.
738 4278 762 4332 2.
800 4277 895 4334 Dieser
906 4295 966 4334 war
979 4295 1091 4334 unsaros
1108 4277 1136 4332 Ρ.
1151 4277 1178 4330 l'.
1192 4273 1276 4345 grod-

126 4365 227 4429 olreim.
246 4381 268 4420 s.
286 4364 341 4420 den
360 4364 551 4422 stammbaum
563 4365 607 4422 bei
621 4365 668 4425 Dr.
689 4367 831 4423 Hermann
847 4366 956 4433 becher,
975 4365 1061 4424 deser.
1076 4365 1157 4422 Sues.
1171 4364 1204 4418 l'r.
1217 4363 1276 4420 rer.

122 4453 216 4521 l'abri,
234 4469 258 4510 a
278 4453 336 4511 186.
