3060 4936
687 397 747 465 181

142 599 251 643 sorore
273 580 306 642 et
326 575 450 642 famula
473 597 600 663 egressa
622 579 671 640 est
684 572 924 649 monasterium,
948 577 980 636 et
997 575 1035 637 ad
1057 573 1171 658 longas
1187 576 1294 656 partes

140 705 235 748 curru
252 687 360 748 evecta
375 680 455 746 adiit
470 681 664 746 monasteria
680 679 729 744 sui
750 678 869 743 ordinis
886 677 1076 742 feminarum
1092 682 1124 742 et
1140 678 1292 756 virorum,

141 787 323 872 intelligere
353 786 483 870 cupiens
515 809 556 851 an
579 787 629 852 sui
659 786 726 850 voti
749 785 849 868 aliqui
872 795 986 849 essent.
1032 782 1165 867 Repetit
1188 786 1293 847 sutem

141 892 288 978 quaedam
310 890 485 956 reformata
507 891 710 969 monasteria,
734 890 774 955 ad
797 911 869 975 quae
888 889 1072 954 intromissa
1094 887 1202 952 omnia
1225 908 1295 972 quae

143 997 320 1082 disciplinae
343 1001 437 1062 erant
459 996 584 1062 notarit
607 1001 638 1062 et
661 995 857 1079 conscripsit.
904 993 948 1059 Et
970 995 1044 1058 dum
1068 993 1161 1077 plura
1183 1015 1294 1058 mona·

142 1103 239 1170 steria
255 1101 305 1168 sui
327 1106 360 1167 et
375 1101 512 1167 aliorum
535 1103 682 1167 ordinum
699 1101 932 1185 perlustrasset,
955 1100 1050 1184 plena
1071 1099 1163 1163 bonis
1179 1098 1295 1182 spebus

141 1208 182 1274 ad
198 1231 291 1272 suum
313 1229 439 1272 reversa
461 1213 511 1273 est
526 1207 765 1286 monasterium,
789 1211 943 1290 tanquam
959 1205 993 1269 in
1016 1203 1151 1269 thermis
1167 1203 1294 1288 longius

141 1318 266 1380 morata
282 1317 314 1378 et
329 1318 441 1378 sanata
457 1315 639 1379 revenisset.
685 1312 778 1378 Nihil
795 1316 900 1377 autem
918 1309 1004 1376 aliud
1021 1310 1108 1390 fecit,
1131 1309 1194 1374 nisi
1210 1308 1294 1394 qnod

141 1417 325 1483 iuvenculas
348 1420 380 1482 et
395 1418 578 1483 innocentes
594 1419 656 1483 sibi
672 1417 817 1496 attraxit,
841 1439 956 1502 easque
971 1416 1112 1482 crebrius
1130 1415 1293 1486 animavit,

142 1527 175 1588 et
199 1523 237 1586 ad
261 1521 373 1606 fugam
396 1521 494 1587 seculi
516 1523 652 1602 induxit,
676 1529 708 1589 et
731 1522 836 1590 rotae¹
859 1523 980 1588 aditum
1001 1521 1177 1600 interdixit,
1201 1524 1233 1585 et
1255 1521 1294 1584 ad

144 1627 328 1710 adspectum
350 1626 514 1695 hominum
538 1650 701 1714 nunquam
727 1628 864 1713 amplius
886 1629 1053 1714 procedere
1076 1626 1239 1710 permisit,
1263 1629 1295 1690 et
1306 1617 1392 1697 Μ,

144 1732 266 1816 puellas
282 1754 362 1817 quas
375 1734 493 1817 recepit
508 1735 547 1798 ad
560 1735 689 1798 eandem
702 1734 936 1798 observantiam
949 1732 1084 1810 induxit,
1100 1731 1294 1795 denuncians

142 1837 254 1904 amicis
287 1859 324 1902 ac
355 1838 541 1922 parentibus
575 1860 702 1915 earum,
737 1839 821 1923 quod
855 1859 908 1903 eas
943 1837 1079 1922 amplius
1102 1859 1166 1900 non
1190 1840 1294 1901 essent

143 1944 253 2008 visuri.
300 1943 460 2024 Antiquae
483 1947 589 2008 autem
612 1963 735 2008 sorores
759 1965 822 2008 non
839 1943 957 2030 tetigit,
981 1942 1035 2008 sed
1059 1941 1141 2006 sicut
1163 1962 1294 2006 cousue-

145 2052 270 2126 verant,
290 2048 394 2114 fecere
408 2048 563 2132 permisit,
587 2049 694 2134 sicque
715 2047 888 2114 interillos
911 2053 943 2112 et
965 2048 1043 2112 istas
1066 2047 1204 2112 medinm
1220 2067 1295 2130 pro·

147 2155 222 2218 vida
244 2155 374 2220 domina
397 2155 517 2233 tenuit,
549 2159 585 2218 ut
607 2177 678 2218 curn
701 2177 777 2238 pace
800 2159 832 2220 et
861 2154 967 2240 quiete
989 2155 1113 2218 starent
1135 2149 1295 2234 aliquibus

144 2260 254 2338 annis,
286 2260 321 2324 in
351 2257 467 2345 quibus
496 2281 646 2324 numerus
676 2260 827 2324 iuvenum
856 2259 973 2334 crevit,
1006 2261 1038 2323 et
1067 2257 1162 2322 corda
1184 2277 1295 2320 senum

146 2366 291 2432 emollita
313 2368 405 2444 sunt,
437 2369 474 2429 ut
504 2364 600 2430 simul
622 2387 731 2430 omnes
760 2366 793 2430 in
816 2387 880 2430 uno
903 2362 1057 2430 desiderio
1079 2361 1215 2445 integrae
1238 2359 1296 2424 ob-

143 2473 313 2538 servantiae
333 2476 365 2536 et
380 2471 569 2536 omnimodas
593 2471 747 2536 clausurae
767 2471 963 2536 anhelarent.
994 2468 1085 2545 Quod
1101 2465 1295 2552 perpendens

144 2577 335 2642 venerabilis
351 2576 479 2640 domina
495 2580 676 2660 opportuna
699 2577 749 2641 die
765 2576 926 2642 advocatis
942 2576 1053 2654 fabris,
1076 2571 1295 2657 carpentariis,

144 2683 343 2748 cementariis
372 2685 405 2746 et
428 2682 499 2746 aliis
523 2682 699 2748 artificibus
722 2683 837 2748 clausit
865 2703 973 2747 omnes
995 2677 1180 2744 monasterii
1204 2698 1296 2761 aper·

146 2791 247 2866 taras,
271 2787 385 2852 ostiola
408 2791 440 2852 et
455 2787 610 2852 fenestras
635 2809 691 2872 per
709 2809 823 2873 gyrum
842 2787 1018 2866 obstruens,
1042 2783 1153 2850 ferreis
1169 2781 1296 2848 laminis

144 2891 274 2956 crates²
298 2893 445 2957 locutorii
467 2893 603 2957 vestiens
626 2896 659 2956 et
680 2897 767 2958 rotas
791 2891 956 2970 muniens,
981 2894 1090 2974 portas
1113 2884 1296 2952 fortissimis

143 2997 223 3062 seris
238 2996 348 3061 ferreis
365 3018 400 3060 ac
416 2997 602 3084 repagulis³
620 2998 812 3076 obfirmavit,
837 3002 868 3063 et
884 3018 990 3060 muros
1007 2995 1168 3059 interioris
1185 3013 1296 3056 mona·

143 3101 234 3166 sterii
258 3101 335 3166 adeo
351 3101 514 3179 exaltavit,
538 3105 574 3165 ut
596 3123 660 3166 non
676 3103 810 3166 viderim
832 3101 964 3166 alicuius
980 3097 1165 3164 monasterii
1189 3117 1296 3160 muros

143 3209 191 3273 ita
214 3209 304 3272 altos
351 3204 410 3270 Sed
434 3211 465 3271 et
488 3205 609 3270 curiam
632 3207 817 3272 exteriorem
846 3229 919 3290 sepe
948 3205 1037 3288 prius
1068 3201 1296 3267 circumdatam

143 3333 236 3376 muro
252 3311 361 3388 cinxit,
386 3311 492 3396 sicque
515 3333 548 3376 se
564 3317 596 3375 et
619 3335 691 3376 suas
707 3311 740 3375 in
764 3311 984 3396 captivitatem
1005 3308 1145 3373 divinam
1161 3306 1293 3390 redegit.

145 3416 225 3481 Haec
248 3417 353 3481 omnia
369 3417 437 3501 egit
459 3417 515 3480 illa
530 3418 668 3501 prudens
692 3417 784 3502 virgo
799 3415 928 3481 domina
950 3415 1018 3494 sine
1040 3410 1204 3488 disturbi0,
1229 3409 1297 3473 sine

145 3521 352 3586 advocatione
375 3521 647 3602 reformatricum,
680 3523 755 3608 quia
785 3523 928 3607 ipsaemm
963 3517 1170 3584 reformandae
1205 3517 1296 3578 eraut

143 3625 387 3692 ferventissimae
418 3629 650 3692 reformatrices
682 3632 749 3692 tam
781 3649 905 3692 morum
933 3648 1030 3711 quarn
1052 3643 1233 3698 murorum,
1265 3622 1297 3683 et

143 3729 239 3797 factae
262 3735 338 3796 sunt
361 3736 426 3809 tam
443 3731 571 3798 fainatae
587 3733 761 3820 religionis,
785 3737 822 3798 ut
844 3755 889 3800 eae
912 3729 1069 3796 similem*
1094 3750 1156 3792 non
1179 3725 1297 3790 habeat

710 3873 728 3912 ᾖ

219 3958 231 4012 1
251 3975 320 4014 rosas
340 3959 376 4014 ad
395 3960 466 4014 itam
484 3958 656 4026 interdixit,
675 3963 703 4016 et
723 3959 759 4014 ad
779 3959 942 4028 adspectum
954 3954 1099 4011 hominnm
1119 3969 1295 4023 nequaquam

146 4045 270 4117 amplius
283 4046 428 4116 procedere
440 4047 568 4117 permisit
581 4047 653 4105 lton.
670 4049 693 4105 1.
717 4049 786 4103 rotas
801 4045 911 4101 aditum
922 4041 1123 4110 hominumque
1133 4040 1296 4110 adspectum

144 4133 303 4201 interdixit,
323 4133 482 4204 neminique
495 4134 616 4204 amplius
628 4133 776 4204 procedere
789 4131 917 4203 permisit
930 4129 1016 4185 Wibl.
1035 4129 1125 4183 Schm.
1163 4126 1213 4181 Die
1231 4128 1295 4180 rota

147 4223 186 4276 ist
204 4222 268 4277 eine
278 4221 457 4277 drehsclreibe
467 4239 530 4276 zum
544 4221 661 4276 verkehr
672 4221 719 4277 des
731 4221 850 4276 klosters
863 4219 917 4274 mit
930 4217 978 4272 der
991 4214 1158 4272 autlenwelt.
1196 4211 1298 4266 Brinclr

145 4327 249 4378 meyer.
303 4311 429 4366 teretes
443 4308 608 4375 flechtwarlr,
628 4309 725 4378 gitter.
788 4305 986 4376 3repagulum
1004 4303 1100 4373 riegel.
1171 4301 1239 4354 teo
1258 4313 1297 4352 se·

144 4397 268 4454 cundum
287 4397 361 4454 tlon.
383 4399 404 4452 1.
426 4397 508 4454 Gold.
527 4401 576 4460 ut..
595 4397 685 4452 dieser
704 4397 755 4452 hat
774 4413 819 4450 am
839 4393 941 4450 rande:
960 4392 1033 4448 forts
1047 4388 1175 4444 similem.
1212 4403 1244 4442 es
1262 4385 1299 4440 si·

144 4486 241 4542 mitem
261 4485 324 4542 soh.
360 4485 532 4542 assimilem
553 4483 595 4540 Kl.
617 4485 702 4540 Wibl.
722 4483 812 4540 Schm.

197 4593 325 4634 ‘tractatus
338 4591 368 4632 de
382 4591 480 4634 civitate
496 4589 606 4632 ulmsnsl.
1057 4567 1088 4620 12
