3060 4936
684 373 744 438 197

137 547 313 631 spirantem
336 547 513 612 anhelitum
536 551 568 613 et
590 570 717 614 cursum
742 555 838 614 vento
860 551 996 616 similem
1012 551 1193 618 habentem.
1232 553 1288 636 qui

136 673 237 738 equus
261 675 334 718 mox
357 659 452 718 natus
474 655 603 718 evolans
633 655 708 718 dum
732 655 771 719 ad
793 654 898 719 locum
922 653 1070 720 Parnassi
1093 658 1211 722 montis
1233 679 1289 722 ve·

137 758 257 838 nisset,
290 759 417 826 demisit
449 781 482 825 se
511 761 545 824 in
578 759 693 825 vallem
721 781 816 845 super
839 765 958 826 terram
980 765 1018 826 ut
1040 763 1232 846 quiesceret,
1256 767 1288 828 et

137 867 226 930 stans
249 864 283 928 in
307 866 426 951 angulo
442 869 475 930 et
497 865 644 930 districtu
659 867 826 944 montium,
851 867 930 950 pede
946 870 982 930 ut
996 871 1113 932 natura
1128 871 1176 932 est
1190 889 1287 952 equo-

136 991 208 1033 rum
231 969 371 1055 scalpsit,
394 975 426 1036 et
449 971 526 1037 adeo
549 972 692 1038 valenter
714 973 826 1057 pedem
849 975 943 1037 terne
965 972 1108 1052 incussit,
1132 977 1169 1037 11
1188 993 1288 1058 usque

137 1073 176 1138 ad
201 1095 317 1159 aquam
341 1081 523 1160 penetraret
545 1081 579 1142 et
600 1076 638 1142 de
658 1075 748 1142 sonte
763 1076 871 1162 abyssi
886 1099 971 1161 aqna
985 1078 1157 1161 prosiliret,
1180 1078 1288 1163 sieque

136 1179 256 1244 mansit
278 1181 424 1265 perennis
453 1203 558 1248 vomes
587 1185 620 1247 et
648 1186 819 1267 perpetuus
842 1182 968 1248 lluvius.
1015 1182 1149 1248 Elevato
1181 1189 1288 1250 autem

137 1281 260 1369 Pegaso
283 1308 303 1350 1
330 1286 398 1352 1111
429 1286 462 1352 11
486 1309 577 1366 aera,
608 1287 648 1352 ad
678 1287 742 1352 alia
763 1286 975 1352 transvolavit
1006 1288 1116 1352 mundi
1139 1288 1223 1368 loca,
1257 1293 1289 1354 et

137 1389 319 1476 ubicunque
343 1411 415 1456 eum
438 1392 598 1476 quiescere
620 1392 775 1478 contigit,
807 1393 853 1458 ibi
884 1394 1052 1478 scalpendo
1075 1417 1192 1480 aquam
1215 1417 1289 1461 evo·

136 1495 231 1559 cavit.
276 1493 314 1560 In
337 1496 414 1562 locis
436 1519 512 1584 ergo
534 1499 771 1564 emanationum
792 1499 930 1564 fontium
946 1499 1072 1586 antiqui
1092 1500 1140 1565 illi
1156 1499 1287 1586 Pegaso,

136 1621 232 1684 quem
254 1600 434 1667 deificatum
457 1603 638 1684 credebant,
663 1603 832 1670 adolebant
855 1606 982 1690 templis
1005 1605 1198 1672 constitutis.
1244 1606 1290 1671 Et

136 1705 188 1768 his
205 1705 400 1790 praehabitis,
417 1709 489 1793 quis
505 1709 641 1787 dubitat,
666 1710 816 1795 antiquos
834 1710 948 1796 Pegasi
964 1711 1085 1776 cultum
1100 1733 1172 1776 cum
1187 1711 1290 1776 multa

139 1809 314 1876 celebrasse
335 1814 528 1879 solennitate
544 1815 634 1880 iuxta
652 1814 805 1880 Burronis
821 1815 1025 1900 spectabilem
1044 1817 1176 1896 fontem,
1200 1816 1289 1881 cuius

138 1915 275 1981 similem
297 1918 331 1982 in
354 1923 423 1984 toto
446 1919 568 1986 oriente
590 1943 654 1986 non
677 1920 825 1987 existimo
846 1920 992 1986 inveniri.
1037 1917 1098 1986 Sed
1113 1925 1146 1986 et
1160 1921 1198 1986 de
1213 1921 1289 1986 Ler-

137 2043 208 2086 naeo
230 2022 318 2088 fonte
341 2022 519 2105 dicebatur,
550 2027 635 2111 quod
663 2023 854 2091 Amonidam
886 2027 1042 2113 virginem
1071 2027 1232 2092 venationi
1254 2027 1289 2090 in

137 2126 301 2194 montibus
316 2134 482 2196 vacantem
498 2129 508 2166 ¹
532 2132 661 2216 quidam
677 2130 810 2216 Satyrus
826 2131 942 2214 rapuit,
959 2153 1029 2216 quae
1045 2133 1185 2196 clamans
1201 2129 1289 2216 Nep-

139 2237 255 2297 tunum
278 2233 453 2314 advocavit,
476 2241 508 2300 et
530 2257 697 2302 accurrens
719 2237 822 2320 ipsam
837 2259 855 2301 e
870 2237 951 2300 silva
966 2259 986 2300 a
1000 2241 1109 2321 satyro
1123 2237 1157 2300 in
1174 2237 1289 2302 vallem

136 2337 277 2405 deduxit.
315 2340 371 2405 ubi
394 2342 468 2406 dum
486 2342 552 2407 eius
567 2341 727 2408 frueretur
743 2342 923 2422 concubitu,
947 2343 1052 2406 locum
1070 2341 1288 2407 deflorationis

135 2443 274 2509 tridente
296 2447 451 2529 percussit
474 2469 609 2532 moxque
640 2469 724 2532 aqua
746 2448 869 2532 erupit,
900 2467 1068 2532 perennem
1092 2447 1288 2512 constituens

136 2548 281 2628 fluvium,
304 2551 355 2616 cui
378 2553 521 2636 praefecit
545 2553 738 2618 Amonidam
761 2551 958 2638 Nympham,
981 2552 1070 2617 ouius
1085 2551 1207 2616 cultum
1230 2573 1289 2616 an·

135 2653 219 2740 tiqui
241 2657 357 2722 celebri
387 2659 451 2723 ritu
484 2659 697 2724 observabant
728 2660 784 2725 ibi.
829 2657 881 2725 Sic
913 2658 999 2723 enim
1022 2655 1192 2742 Neptunus
1215 2679 1289 2722 suas

135 2760 361 2828 remunerabat
383 2765 593 2844 concubinas,
615 2764 735 2832 faciens
758 2787 811 2830 eas
834 2765 926 2845 deas,
956 2762 1124 2848 Nymphas
1146 2763 1287 2828 fontium

135 2869 169 2930 et
190 2866 368 2934 fluminum.
413 2867 574 2954 Suspicari
598 2875 704 2936 antem
721 2871 761 2936 ab
777 2871 919 2956 antiquis
934 2869 1158 2935 convenienter
1182 2869 1289 2953 potuit

134 2973 168 3036 in
192 2972 262 3038 loco
286 2971 439 3040 Burronis
462 2975 648 3060 Neptunum
672 2976 802 3042 lascivia
824 2976 1000 3041 resolutum
1023 2975 1213 3058 profundius
1237 2972 1288 3038 io-

134 3077 227 3156 disse,
252 3083 308 3143 aut
330 3080 500 3146 tridentem
524 3087 616 3146 terrm
638 3079 755 3146 fortius
778 3081 961 3159 incussisse,
992 3083 1024 3144 et
1053 3101 1119 3144 suae
1152 3077 1290 3144 lasciviae

135 3182 281 3266 pellicem
304 3183 444 3269 aliquam
465 3184 512 3250 ibi
527 3187 672 3270 reginam
688 3183 948 3272 Hamadryadum
965 3181 1190 3268 Nympharum
1209 3205 1287 3248 con-

135 3290 288 3368 stituisse,
311 3294 344 3354 et
367 3291 480 3355 exinde
501 3291 608 3355 locum
629 3291 879 3356 sacratissimum
902 3294 1045 3355 veterum
1068 3289 1285 3355 deliramentis

134 3393 252 3472 fuisse,
281 3399 313 3460 et
334 3396 455 3482 grande
477 3394 701 3482 Nympharum
728 3417 853 3460 sacrum
884 3394 931 3459 ibi
962 3393 1106 3473 stetisse,
1143 3393 1288 3478 quamvis

135 3502 238 3565 nostri
261 3501 501 3584 predecessores
523 3501 606 3566 nihil
629 3502 666 3566 de
690 3501 750 3566 hoo
774 3501 864 3566 nobis
880 3498 1069 3585 reliquerint
1092 3499 1126 3563 11
1142 3499 1285 3582 scriptis;

137 3607 187 3672 vel
209 3605 329 3690 scripta
351 3627 502 3671 eoruma
531 3607 667 3691 posteris
699 3606 845 3691 neglecta
867 3605 1006 3690 periisse.
1054 3604 1155 3671 Graeci
1180 3607 1288 3668 autem

136 3715 169 3775 et
192 3709 329 3776 Romani
352 3713 459 3776 omnia
481 3711 573 3796 quasi
596 3711 636 3775 ab
658 3710 751 3774 initio
776 3731 875 3795 usque
898 3709 1031 3774 nuncin
1048 3707 1174 3792 scriptis
1196 3721 1387 3803 man-„2⁰¹3
1519 3777 1520 3784 ,

136 3818 293 3882 davernnt
315 3817 579 3902 praedeoessornm
601 3821 684 3896 acta,
707 3839 746 3881 ex
769 3815 885 3901 quibus
908 3813 1068 3898 sapientia
1090 3818 1122 3878 et
1145 3812 1290 3898 potentia

136 3921 311 4008 plurimum
335 3923 545 4008 profecerunt.
592 3921 641 3987 Fla
670 3943 747 4008 ergo
775 3943 846 4006 quae
869 3921 903 3984 in
927 3918 1111 3985 Graecorum
1140 3923 1172 3984 et
1200 3917 1289 3983 Lati·

136 4049 253 4092 norum
275 4029 401 4113 scriptis
440 4027 616 4112 reperimus
648 4047 687 4092 ex
718 4027 842 4111 poetica
871 4023 1035 4110 theologia
1067 4025 1105 4090 de
1133 4017 1289 4103 lontibus,

136 4131 334 4214 fluminibus,
356 4131 519 4198 montibus
542 4136 574 4198 et
596 4131 761 4211 cavernis,
791 4131 831 4196 ad
854 4135 980 4196 nostrae
1001 4131 1147 4216 regiones
1169 4127 1291 4214 optime

703 4276 721 4316 ψ

210 4361 223 4414 l
239 4357 381 4415 Amonida
393 4357 493 4428 virgo.
515 4397 520 4412 .
543 4397 550 4414 .
567 4374 671 4414 vacans
681 4358 798 4427 quidam
811 4361 924 4426 satyrus
936 4357 1028 4428 ipsam
1041 4355 1103 4412 Sch.
1116 4354 1160 4409 Kl.
1175 4353 1247 4410 Mon.
1262 4355 1288 4409 1.

136 4445 224 4502 Wihl.
238 4445 329 4502 Sohm.
368 4447 535 4504 Amonidam
550 4445 746 4518 virginem...
761 4449 910 4504 1111111111
925 4445 1006 4503 Gold.
1021 4447 1070 4508 ut„
1085 4443 1164 4498 nicht
1177 4444 1250 4500 tlon.
1266 4441 1290 4499 1.

190 4552 317 4594 Praelata·
332 4553 360 4594 ds
374 4553 473 4595 civitate
489 4554 598 4596 ulmsnsl.
1052 4533 1084 4588 13
