3014 4926
659 286 662 294 ¹
765 299 827 366 104

377 474 491 542 Coram
513 499 550 542 eo
572 475 806 561 congaudentes
828 473 998 540 hincinde
1020 471 1249 550 discurrebant,

300 599 351 638 rrae
378 581 568 646 Exultantes
589 583 622 645 et
644 580 778 645 letantes
800 578 875 644 huic
897 579 1139 665 applaudebant

378 685 468 752 (lires
490 684 601 752 Jesum
624 685 813 750 residentem
834 707 902 750 sese
924 685 1133 769 deponebant,

380 793 424 857 Et
446 791 485 856 ad
507 794 627 856 tactum
651 791 750 876 ipsius
773 790 907 855 nimium
929 775 1121 876 gaudebant.¹

378 896 542 983 hingendo
565 917 690 982 quoqne
712 918 825 961 manus
848 895 925 961 Jesu
947 895 1220 973 deosculabantur,

379 1002 583 1088 Extergcndo
607 1002 699 1086 pedes
721 1023 794 1067 suos
817 1001 876 1066 hos
899 1000 1140 1068 venerabantur.

303 1126 353 1162 2⁰⁰⁰
380 1105 448 1172 Hec
471 1108 578 1172 omnia
599 1130 670 1172 cum
693 1108 836 1172 homines
859 1108 1002 1173 riderent
1024 1107 1233 1184 mirabantur,

380 1211 424 1274 Et
446 1211 484 1276 de
505 1212 606 1297 signis
629 1233 725 1296 puere
748 1211 872 1277 diversa
894 1211 1135 1297 loquebantur.-

380 1315 538 1402 Dixerunt
561 1317 709 1402 quidam:
733 1339 811 1402 puer
833 1317 885 1382 hic
910 1318 959 1382 vel
982 1339 1096 1403 magus
1118 1319 1166 1382 est
1188 1314 1238 1380 rel
1261 1315 1348 1379 deus.

379 1419 464 1486 Alii:
487 1443 544 1487 nec
566 1443 679 1509 magus
701 1427 749 1487 est
771 1445 828 1488 nec
850 1423 935 1502 deris,
958 1424 1013 1490 sed
1035 1418 1179 1488 Hebreus

382 1525 516 1602 Quidam
538 1532 629 1612 pater
651 1527 717 1594 eius
742 1533 790 1593 est
812 1533 844 1594 et
866 1535 945 1613 aput
967 1551 1024 1594 nos
1048 1530 1201 1606 moratur,

304 1649 355 1688 acce
382 1630 547 1716 Faberque
569 1633 735 1720 lignarius,
759 1634 819 1699 hac
841 1639 909 1700 arte
933 1637 1139 1700 sustentatur.

382 1735 473 1801 Circa
495 1758 565 1802 sero
588 1737 716 1806 domurn
739 1761 816 1822 puer
838 1738 890 1804 hic
912 1739 1141 1818 revertebatur,

383 1841 428 1905 Et
449 1841 553 1926 ipsum
576 1845 678 1908 omnis
700 1845 873 1910 multitudo
895 1845 1021 1910 leonum
1043 1845 1243 1930 sequebatur,

392 1945 459 2012 Sibi
483 1953 636 2034 tanquam
658 1951 791 2016 creatori
814 1973 871 2016 suo
893 1950 1093 2030 famulantes,

385 2053 429 2118 Et
451 2077 569 2140 magna
591 2057 831 2122 mansuetudine
853 2078 958 2122 secum
980 2055 1187 2121 ambulantes.
1279 2110 1282 2120 Δ

307 2177 359 2216 accc
385 2158 433 2224 De
455 2161 585 2226 castello
607 2161 767 2226 Nazareth
791 2161 935 2228 homiues
957 2161 1100 2226 videntes

386 2259 449 2328 Tot
471 2265 575 2330 leones
598 2271 709 2331 contra
731 2289 765 2331 se
787 2286 858 2332 cnm
880 2265 957 2332 Jesn
981 2265 1150 2343 venientes,

385 2367 526 2434 Horrore
547 2392 665 2456 magno
686 2373 791 2436 territi
813 2372 949 2437 multum
971 2371 1156 2448 timuerunt,

386 2474 656 2559 Blasphemabant
678 2477 712 2542 in
736 2479 910 2564 benignum
930 2477 1042 2544 Jesnm
1063 2481 1096 2542 et
1118 2475 1283 2541 dixerunt:

386 2578 448 2644 Hic
470 2602 528 2644 nos
551 2585 619 2646 arte
641 2583 766 2667 magica
788 2587 921 2652 conatur
943 2582 1116 2659 devastare,

309 2702 360 2740 ⁰⁰⁰⁶
385 2685 430 2750 Et
452 2686 517 2750 suis
539 2708 596 2751 nos
621 2687 763 2752 leonibus
786 2687 855 2752 uult
877 2687 941 2752 iam
964 2687 1122 2752 devorare.

385 2789 450 2856 Iste
472 2813 536 2856 non
558 2795 607 2857 est
629 2793 739 2878 utique
761 2793 853 2858 ludus
875 2793 1016 2878 puerilis,

386 2894 446 2962 Sed
469 2901 518 2962 est
540 2920 592 2964 ars
614 2899 821 2964 incantatoris
843 2899 893 2964 vel
915 2899 1056 2964 demonis
1078 2897 1214 2963 subtilis.

389 3000 480 3068 Hanc
501 3003 535 3066 in
556 3002 686 3088 Egypto
709 3004 819 3068 didicit
840 3003 1099 3080 incantationem,

388 3105 490 3184 Quam
513 3107 546 3172 in
569 3113 711 3173 nostram
734 3109 869 3194 experiri
891 3108 961 3173 vult
983 3107 1237 3174 destructionem.

310 3230 362 3268 ⁸⁰1⁰
388 3211 483 3280 Jesus
507 3219 582 3280 tune
605 3215 749 3279 leonibus
772 3214 892 3279 cunctis
915 3214 1093 3298 imperavit,

389 3317 436 3384 Ut
457 3317 598 3386 redirent
619 3320 653 3384 in
676 3321 835 3386 desertum
857 3320 996 3404 ipsisque
1020 3318 1191 3396 mandavit,

389 3421 437 3488 De
459 3430 574 3504 cetero,
597 3428 681 3511 quod
704 3427 866 3492 hominem
890 3425 1013 3490 nullum
1036 3423 1251 3500 molestarent,

389 3528 528 3594 Maxime
550 3531 588 3595 de
611 3529 770 3596 Nazareth
794 3551 982 3619 quemqnam
1007 3529 1206 3594 infestarent.

384 3633 521 3700 'Dimissi
543 3636 588 3700 sic
610 3660 629 3700 a
652 3660 749 3722 puero
771 3637 877 3702 leones
899 3635 1036 3700 universi

312 3756 363 3792 ³⁰¹⁶
390 3737 427 3803 In
451 3761 541 3804 suam
563 3742 765 3807 solitudinem
790 3743 952 3806 mansuete
975 3743 1051 3806 sunt
1073 3737 1199 3803 reversi.

390 3842 483 3909 Jesus
506 3867 584 3929 puer
606 3869 678 3912 cum
701 3847 908 3912 leones-alios
930 3845 1112 3922 dimisisset,
1218 3889 1221 3896 -

392 3948 499 4034 Atque
522 3957 646 4036 portam
670 3952 809 4018 civitatis
832 3951 918 4024 solus
940 3951 1113 4026 introisset,

390 4053 442 4119 Ad
465 4079 535 4121 eum
559 4058 706 4122 universa
729 4058 818 4142 plebs
842 4056 989 4122 convenit
1010 4054 1194 4120 Judeorum.

393 4157 539 4224 Civitatis
560 4161 719 4228 Nazareth
742 4167 774 4228 et
796 4162 1024 4246 phariseorum,

304 4379 371 4434 2984
391 4381 463 4438 fehlt
480 4383 511 4440 in
528 4385 559 4441 G.
801 4305 818 4346 *
