2996 4924
755 311 796 382 70

360 490 493 556 Stellam
516 510 631 553 novam
655 510 751 572 supra
773 488 901 574 domurn
925 493 1059 553 cernunt
1080 492 1112 554 et
1133 488 1289 554 infantem

281 615 332 654 uuo
360 595 439 662 Cum
463 595 567 660 Maria
588 598 691 658 matre
712 615 770 658 sua
792 593 970 678 panniculis
993 593 1143 672 velatum,

360 700 398 765 In
422 701 512 765 bovis
536 699 623 764 etin
647 699 728 763 asini
751 697 894 782 presepio
918 699 1066 763 locatum.

360 805 513 872 Mirantes
536 805 594 870 hec
616 827 676 890 que
698 805 784 869 facta
806 808 881 868 sunt
902 804 1024 868 cunctis
1047 808 1265 879 narraverunt,

361 910 451 986 Quod
474 911 604 994 angelos
627 909 794 974 audierant
816 930 852 974 ac
876 909 1019 973 viderant
1043 908 1200 972 dixerunt.

365 1015 537 1080 Audientes
562 1014 699 1082 universi
722 1014 815 1078 nimia
839 1013 1040 1078 mirabantur

174 1112 176 1118 ’
282 1138 334 1176 1⁹0⁶
364 1120 413 1184 Ex
436 1121 498 1184 boc
520 1121 603 1204 quod
627 1143 645 1183 a
668 1118 849 1203 pastoribus
872 1118 933 1182 ista
956 1118 1150 1182 dicebantur.

362 1224 429 1290 Hoc
451 1225 555 1290 Maria
578 1225 740 1290 conferens
762 1225 794 1287 in
819 1224 911 1288 corde
937 1223 1145 1288 conservabat

362 1329 406 1395 Et
428 1330 536 1398 omnia
558 1329 707 1398 memorie
729 1351 784 1395 sue
806 1328 1023 1394 comendabat.

209 1635 260 1704 De
291 1633 406 1728 signis
435 1655 508 1726 que
535 1631 678 1704 fiebant
703 1653 769 1725 per
796 1633 920 1702 totum
949 1629 1131 1701 mundum
1158 1629 1194 1700 in
1220 1627 1353 1698 nativi-

625 1757 747 1825 tatem
776 1752 925 1824 Christi.

363 1964 499 2028 Diversa
521 1967 598 2027 tunc
620 1961 774 2026 miracula
795 1961 881 2026 facta
903 1960 1092 2039 referuntur,

366 2069 498 2146 Quando
521 2066 615 2132 desua
638 2072 732 2132 natus
755 2071 803 2131 est
825 2067 878 2130 hic
900 2088 961 2150 que
983 2063 1204 2129 describuntur

286 2193 338 2229 1⁰1⁰
365 2173 412 2237 De
436 2173 551 2256 quibus
576 2195 694 2237 meram
717 2172 883 2236 veritatem
906 2172 1029 2236 nullam
1051 2191 1202 2247 asserere,

365 2279 412 2342 Ela
434 2278 509 2362 quia
532 2299 596 2342 non
619 2297 765 2361 presumo
789 2275 924 2340 scribere
947 2297 1004 2359 pro
1028 2296 1111 2339 vero.

366 2379 425 2446 Sed
448 2382 487 2445 ad
510 2383 602 2446 decus
625 2380 700 2446 Jesu
724 2381 843 2446 Christi
866 2381 935 2444 nati
956 2381 995 2445 de
1017 2379 1118 2444 Maria

365 2486 501 2552 Possunt
523 2509 561 2551 ea
583 2486 709 2550 recitari
735 2507 792 2568 pro
815 2485 918 2549 laudis
942 2484 1122 2569 hymnodia,

365 2590 472 2676 Atque
495 2613 552 2674 pro
574 2592 679 2672 figura
702 2591 838 2676 quadam
862 2591 962 2655 laudis
986 2590 1036 2655 dei
1058 2590 1136 2664 nati,

286 2716 337 2752 un
365 2696 449 2760 Nam
472 2698 574 2762 omnis
597 2697 706 2762 subest
727 2701 872 2762 creatura
893 2717 949 2760 sue
970 2696 1132 2780 potestati.

365 2799 426 2866 llla
447 2805 539 2866 nocte
561 2802 688 2886 quando
710 2801 820 2865 mundi
844 2801 898 2865 lux
921 2800 1092 2879 oriebatur,

367 2897 410 2969 llt
432 2905 470 2969 de
492 2907 610 2970 munda
631 2905 755 2989 origine
777 2903 870 2970 Josus
894 2903 1114 2983 nascebatur‚‘
1205 2941 1209 2950 ·

365 3009 403 3074 ln
427 3033 559 3076 romana
581 3011 710 3076 civitate
732 3011 822 3074 vivus
844 3010 917 3075 fons
940 3009 1061 3088 alluxit,

366 3115 427 3192 cui
447 3116 532 3180 rivos
554 3137 594 3180 ex
615 3114 684 3179 oleo
707 3114 877 3197 purissimo
900 3113 1059 3197 produxit.

291 3239 341 3276 ¹⁰20
371 3221 537 3306 Augustus
560 3219 655 3286 Cesar
678 3220 733 3303 qui
755 3223 833 3284 tunc
855 3219 964 3283 mundi
988 3217 1203 3282 monarchiam
1229 3214 1319 3291 rexit,

368 3324 429 3390 Illa
451 3329 544 3390 nocte
566 3325 725 3409 quoddam
747 3323 833 3390 sidus
855 3323 889 3386 in
912 3323 1020 3388 ethere
1043 3323 1191 3406 respexit,

370 3431 413 3496 111
435 3432 560 3496 refulsit
583 3431 669 3496 sidus
692 3431 751 3495 boc
775 3430 861 3494 velut
884 3429 1033 3513 splendor
1055 3428 1156 3506 stelle,

369 3538 413 3601 Et
435 3536 556 3602 habens
578 3536 750 3620 imaginem
774 3533 908 3620 virginis
930 3534 1045 3617 puelle,

367 3641 404 3705 In
428 3641 526 3724 ipsius
549 3639 687 3704 brachiis
711 3661 843 3722 puerum
866 3639 1032 3722 gestantis.
1150 3647 1154 3656 ’

291 3765 341 3802 1⁹²⁵
370 3745 458 3812 Sicut
481 3745 573 3810 stella
596 3743 756 3827 splenduit
777 3743 875 3808 facies
898 3743 1042 3821 infantis,

368 3849 428 3914 Sed
451 3859 522 3915 culn
545 3849 640 3914 Cesar
664 3853 820 3932 quereret,
843 3849 919 3933 quid
942 3849 1108 3934 signarent
1130 3848 1196 3924 illa,

372 3953 576 4039 Prophetissa
598 3953 724 4018 ducitur
747 3954 874 4019 nomine
898 3951 1021 4033 sibilla,

370 4059 438 4136 Que
461 4060 542 4124 dixit
564 4059 602 4123 de
625 4060 750 4143 virgine
772 4079 878 4144 regern
902 4061 1113 4135 catenatum,

369 4163 406 4229 In
430 4164 496 4230 celo
511 4165 612 4228 ‘terris
635 4163 722 4228 etin
745 4165 826 4228 mari
850 4165 905 4247 qui
928 4167 1014 4227 tenet
1037 4160 1243 4226 dominatum.

293 4289 343 4325 1⁹³0
371 4269 460 4334 Tunc
482 4268 577 4334 Cesar
600 4292 689 4334 suern
713 4273 852 4334 statuam
875 4269 991 4333 deiexit
1015 4268 1053 4332 ad
1078 4267 1227 4330 honorem

372 4373 467 4458 Regis
489 4375 558 4440 nati
582 4397 675 4460 quem
697 4376 841 4440 futurum
865 4374 956 4440 scivit
980 4395 1012 4438 se
1034 4373 1195 4440 maiorem.
