3060 4936
785 347 848 412 164

240 525 353 590 fienda.
392 525 498 607 sicque
521 521 710 586 decivitate
739 520 870 586 exibant
892 519 974 585 laetis
1004 520 1166 585 mentibus
1196 525 1229 586 et
1258 521 1393 606 vertigi-

240 631 327 695 nosis
349 629 516 713 capitibus,
540 630 572 691 et
594 647 667 690 cum
689 647 745 710 per
768 647 845 690 arva
873 625 1112 704 descenderent,
1145 623 1229 710 saepe
1257 647 1393 710 magnas

240 733 444 799 difficultates
467 731 671 816 patiebantur
693 731 727 794 in
750 730 844 821 fossis
866 735 1042 814 pratorum,
1065 729 1112 794 ita
1135 731 1220 815 quod
1243 751 1392 796 nonnun-

240 861 336 924 quam
358 838 427 902 luto
449 837 540 902 infixi
563 836 649 902 exire
671 857 735 901 non
757 833 954 919 potuissent,
976 834 1039 898 nisi
1062 833 1331 900 confortationem
1354 858 1392 900 ex

241 943 431 1009 flasconibus
454 941 673 1026 suscepissent.
720 940 771 1005 Ex
793 939 900 1005 biset
930 939 1002 1006 aliis
1031 940 1109 1005 ordo
1139 941 1205 1004 divi
1228 939 1391 1006 Benedicti

239 1047 304 1114 illis
327 1045 523 1132 temporibus
545 1046 640 1111 nimis
671 1045 926 1128 vilipendebatur
955 1045 1085 1130 ubique.
1122 1046 1205 1110 unde
1236 1046 1392 1110 seculares

239 1152 415 1218 calamitati
447 1151 566 1216 ordinis
596 1151 823 1235 compatientes
856 1151 1010 1216 nonnulla
1039 1150 1234 1216 monasteria
1256 1151 1297 1214 ad
1319 1173 1392 1216 suas

161 1256 438 1344 ,mtgrecipiebant
456 1277 579 1334 manus,
603 1260 635 1320 et
657 1255 740 1319 vices
756 1253 919 1332 abbatum,
941 1255 1183 1338 praepositorum
1200 1259 1233 1320 et
1248 1257 1392 1340 priorum

239 1362 403 1449 gerebant.
442 1383 517 1426 nam
534 1364 566 1425 et
581 1359 770 1445 Elchingen,
794 1361 910 1444 dequo
926 1359 1096 1444 loquimur,
1122 1361 1282 1445 aliquibus
1299 1361 1393 1425 annis

240 1469 299 1533 sub
322 1467 478 1552 regimine
499 1465 687 1530 secularium
709 1466 777 1530 sine
800 1465 916 1530 abbate
939 1464 1012 1544 fuit,
1035 1467 1142 1550 sicque
1165 1466 1275 1530 multis
1298 1467 1393 1531 annis

240 1575 272 1638 in
297 1571 491 1639 desolatione
513 1571 611 1636 stetit

328 1676 423 1744 Sexto
448 1681 480 1742 et
502 1677 616 1741 ultimo
647 1675 753 1741 videre
781 1679 882 1740 restat
913 1676 951 1740 de
972 1675 1172 1763 Elcbingen,
1203 1677 1331 1762 quando
1361 1681 1394 1742 et

242 1783 380 1868 qualiter
394 1782 441 1846 ibi
456 1781 600 1846 refloruit
625 1784 799 1846 conventus
822 1780 936 1866 religio
957 1783 990 1846 et
1004 1782 1208 1848 observantia
1223 1804 1295 1848 oum
1310 1786 1393 1847 tem-

241 1888 399 1973 poralium
413 1887 549 1952 notabili
564 1891 748 1972 augmento,
771 1889 804 1950 et
819 1885 949 1949 utilium
964 1907 1171 1968 personarum
1187 1887 1394 1953 incremento.

241 1990 336 2057 Anno
358 1993 444 2058 enim
465 1991 585 2058 domini
611 1993 693 2057 1412
716 2013 875 2057 resumere
896 1991 994 2075 coepit
1016 1994 1119 2058 sancti
1135 1993 1298 2060 Benedicti
1315 1995 1394 2060 ordo

242 2120 368 2163 cornua.
393 2121 468 2163 nam
483 2098 619 2184 insignis
631 2099 681 2162 vir
692 2097 838 2162 dominus
850 2095 1027 2162 Inrdovicus
1042 2097 1160 2162 Berber
1172 2099 1367 2182 [Bembusl]
1382 2097 1394 2136 ¹

242 2204 380 2268 eiusdem
403 2203 523 2268 ordinis
545 2201 720 2268 monachus
750 2200 790 2265 ad
812 2205 955 2266 sanctam
978 2199 1142 2266 Justinam
1171 2201 1312 2268 Paduaa¹
1343 2203 1394 2267 in-

242 2308 326 2392 cepit
348 2309 626 2394 congregationem
650 2309 768 2371 sanotae
791 2304 941 2384 Juatinae,
969 2306 1004 2370 in
1033 2329 1130 2391 quarn
1156 2306 1250 2372 multi
1274 2329 1394 2374 convo-

241 2411 389 2476 laverunt
410 2413 605 2478 devotissimi
628 2411 705 2490 viri,
735 2411 791 2496 qui
812 2413 931 2496 passim
952 2414 1145 2478 monasteria
1173 2413 1294 2499 dilapsa
1328 2415 1391 2481 eri·

242 2523 353 2602 gentes
368 2517 626 2584 reformationem
642 2518 835 2584 inducebant
850 2518 979 2583 ordinis.
1014 2517 1111 2583 Multi
1126 2523 1234 2584 autem
1249 2520 1391 2600 abbates,

242 2625 389 2689 timentes
411 2625 656 2704 observantiam,
678 2647 734 2708 per
757 2647 790 2689 se
813 2623 999 2709 vigilantius
1022 2645 1132 2710 regere
1153 2630 1329 2708 coeperunt,
1352 2647 1391 2690 ne

243 2729 335 2814 argui
358 2733 486 2814 possent
508 2731 716 2817 negligentia,
739 2733 772 2795 et
793 2730 968 2794 reformari.
1015 2727 1108 2795 Unde
1131 2729 1201 2794 loca
1216 2729 1307 2814 lapsa
1331 2731 1392 2796 eri-

242 2856 318 2920 gere
340 2839 514 2920 ooeperunt,
538 2839 571 2901 et
585 2836 724 2901 collectis
747 2835 911 2900 monacbis
926 2835 1059 2901 abbates
1073 2835 1151 2900 locis
1167 2834 1389 2919 praefecerunt,

242 2963 312 3025 quae
335 2941 388 3004 diu
411 2945 618 3016 vacaverant,
651 2944 683 3006 et
704 2940 813 3004 divina
841 2939 949 3005 officia
982 2941 1092 3005 multis
1123 2941 1214 3006 annis
1239 2963 1393 3027 suspensa

243 3050 490 3130 resumpserunt,
506 3068 570 3110 non
585 3045 712 3131 quidem
728 3050 858 3130 propter
873 3045 1082 3124 devotionern,
1106 3047 1160 3112 sed
1180 3053 1217 3111 ut
1237 3047 1394 3112 haberent

242 3157 448 3237 apparentem
464 3151 699 3217 reformationis
715 3151 959 3217 excusationem.
1004 3151 1049 3216 Et
1064 3151 1120 3214 illo
1136 3155 1278 3236 tempore
1293 3151 1393 3217 Elcb-

241 3258 338 3342 ingen
362 3259 394 3322 in
418 3263 611 3324 conventum
633 3258 777 3336 recrevit,
802 3257 951 3321 abbatem
967 3256 1090 3335 habuit,
1115 3261 1147 3320 et
1162 3256 1270 3321 officia
1285 3257 1393 3322 divina

242 3362 376 3447 perfecit
398 3369 430 3429 et
451 3364 485 3428 in
500 3363 729 3448 temporalibus
745 3363 932 3428 revirescere
953 3361 1059 3445 coepit
1098 3363 1165 3426 sine
1180 3364 1289 3427 tamen
1305 3362 1393 3427 caeri-

242 3468 358 3532 moniis
381 3469 501 3533 ordinis
524 3468 674 3534 vivebant
696 3489 753 3532 nec
776 3466 1013 3532 observantiam
1035 3465 1104 3531 fieri
1121 3465 1278 3551 optabant
1293 3488 1393 3552 usque

243 3573 281 3636 ad
307 3577 449 3657 tempora
472 3574 592 3638 domini
614 3572 796 3638 Zvvirmar³
819 3572 965 3650 abbatis,
998 3572 1053 3656 qui
1085 3577 1154 3636 erat
1185 3572 1285 3637 abbas
1309 3592 1391 3636 anno

150 3681 222 3760 „ft
244 3677 364 3742 domini
391 3679 482 3744 1450.
528 3677 619 3743 Illius
642 3678 832 3743 venerabilis
855 3679 915 3742 viri
938 3699 992 3742 cor
1011 3677 1093 3741 Deus
1109 3677 1218 3762 tetigit
1234 3682 1266 3742 et
1283 3677 1322 3742 de
1344 3700 1392 3741 re-

243 3781 433 3846 formatione
456 3784 597 3865 cogitare
619 3786 810 3847 attractare
832 3784 937 3867 coepit.
977 3783 1060 3877 unde
1083 3783 1210 3847 iuvenes
1231 3783 1271 3846 ad
1287 3782 1391 3847 studia

242 3886 331 3950 misit
353 3891 385 3950 et
408 3887 446 3950 ad
470 3888 540 3952 loca
562 3887 734 3952 reformata
757 3887 881 3965 direxit,
906 3892 942 3951 ut
963 3909 1066 3952 morea
1096 3887 1295 3953 addiscerent
1316 3889 1390 3953 reli·

243 3993 415 4077 giosorum.
453 3993 568 4077 quibua
585 3993 748 4071 revocatis,
773 3993 931 4058 adiutorio
947 3991 1249 4058 reverendissimi·in
1264 3991 1391 4058 Christo

810 4145 827 4184 ss

318 4247 328 4299 l
351 4243 451 4300 Berber
464 4243 525 4299 Sch.
538 4243 680 4299 Kl.Wibl.
695 4245 785 4302 Scbm.
819 4247 923 4302 Beroen
936 4245 1016 4304 Gold.
1031 4247 1071 4300 ut.
1103 4245 1267 4316 Berbemffl
1282 4247 1357 4304 Mon.
1371 4249 1393 4302 l.

244 4331 564 4400 Ver-gl.untens.17'l.
618 4331 744 4386 2badue
764 4333 835 4388 Mon.
862 4337 882 4387 l.
920 4333 1037 4387 Praduae
1058 4335 1141 4388 Wibl.
1179 4335 1284 4390 Padnas
1302 4335 1391 4389 Scbm.

243 4421 260 4478 3
279 4419 412 4472 Zwirmar
431 4418 492 4474 Scb.
510 4418 555 4472 Kl.
573 4416 659 4474 Wibl.
679 4418 769 4475 Scbm.
804 4419 937 4476 Friderici
956 4421 1066 4477 Zvvirna
1086 4421 1167 4480 Gold.
1187 4426 1229 4480 nt.
