3034 4922
766 339 835 414 ,206

384 515 435 587 Sic
457 519 572 588 invidis
594 521 788 606 praeluditur
810 524 862 588 via
884 523 1069 618 detrahendi

383 626 428 692 Et
450 627 575 692 tollitur
597 628 638 692 ab
661 629 773 694 emulis
796 631 918 696 occasio
941 631 1113 696 mordendi.

572 947 708 1043 Incipit
734 947 829 1021 liber
856 951 1026 1043 quartus.

382 1155 503 1220 Christi
525 1177 639 1240 corpus
661 1155 762 1221 deitm
784 1155 825 1221 ab
847 1156 923 1222 hinc
944 1155 1148 1242 glorificavit,

383 1259 435 1325 Ad
458 1260 519 1324 hoo
541 1261 691 1327 reducens
714 1261 853 1326 animam
876 1261 960 1326 hunc
983 1262 1193 1343 resuscitavit,

308 1385 360 1421 scio
386 1364 447 1442 Qui
472 1387 631 1431 resumens
654 1365 794 1431 animam
816 1367 992 1431 amortuis
1015 1369 1163 1447 surrexit,

384 1470 428 1536 Et
450 1472 489 1536 de
510 1471 617 1536 clauso
640 1471 764 1536 tumulo
787 1471 945 1536 redivivus
967 1471 1043 1536 exit.

377 1789 481 1876 Quod
508 1790 683 1864 mulieres
711 1793 895 1864 venerunt
921 1789 969 1864 ad
995 1791 1218 1887 sepulcmm.

383 1997 460 2064 Poe
482 1999 543 2064 noe
565 1999 615 2064 us
638 2001 733 2065 erui
755 2000 859 2065 nasa
879 1983 1011 2066 zebeae
1253 2069 1257 2076 ,

381 2102 461 2168 (tum
484 2105 587 2170 Maris
609 2103 801 2190 Magdslena
823 2105 911 2170 venit
933 2109 966 2171 et
987 2104 1115 2190 Alphei,

383 2207 528 2274 Preciosa
550 2210 732 2275 detulerunt
753 2215 907 2290 aromata,
930 2210 1071 2276 volentes

304 2332 355 2370 ⁶⁰⁰⁶
382 2311 459 2378 Jesu
481 2335 595 2398 corpus
618 2335 747 2400 ungere,
770 2315 823 2380 sed
846 2314 1042 2380 invenientes

337 2421 340 2426 '
383 2417 534 2484 Custodes
556 2421 631 2482 ante
653 2419 769 2482 tumuli
789 2419 917 2482 ianuam
939 2419 1092 2498 sedentes,

381 2521 502 2608 Magno
524 2543 601 2587 saxo
623 2526 863 2588 monumentum
885 2524 1148 2610 obstructumque
1168 2523 1321 2605 ridentes,

383 2628 558 2693 Dixerunt:
583 2625 705 2692 »Nobis
727 2627 865 2712 lapidem
888 2629 928 2693 ab
951 2629 1033 2694 ostio
1056 2629 1127 2714 quis
1149 2629 1265 2711 volvet,

382 2733 426 2798 Et
447 2725 541 2820 signa
562 2733 677 2818 quibus
700 2737 749 2798 est
771 2734 912 2798 munitus
936 2733 1007 2819 quis
1029 2731 1120 2798 nobis
1143 2733 1200 2799 illa
1221 2734 1368 2801 solvetts

304 2859 356 2896 uso
383 2839 427 2904 lot
449 2859 528 2918 ecce,
551 2838 660 2904 statim
682 2839 785 2903 factus
808 2843 856 2904 est
879 2860 1014 2926 magnus
1036 2843 1235 2920 terremotus,

382 2942 431 3010 De
453 2945 528 3009 celis
550 2944 635 3008 euim
657 2943 789 3028 angelus
813 2948 851 3008 ut
873 2941 984 3029 fulgur
1006 2943 1172 3028 splendens
1195 2949 1282 3010 totus

382 3047 562 3122 Descendit,
585 3051 681 3132 atque
704 3047 840 3132 lapidem
862 3047 1027 3112 revolvens
1050 3046 1208 3113 residebat

382 3154 483 3239 Super
505 3173 586 3231 eum,
611 3156 648 3216 ut
669 3151 725 3215 nix
747 3152 814 3216 eius
837 3151 933 3217 vestis
957 3151 1155 3237 refulgebat;

384 3257 445 3324 Sed
469 3257 613 3323 custodes
636 3257 741 3322 territi
763 3261 839 3323 sunt
861 3257 1010 3342 angelum
1032 3257 1184 3337 videntes,

305 3383 356 3422 uu
383 3365 428 3430 Et
449 3364 489 3428 ad
512 3368 630 3428 terrum
651 3366 804 3428 corruunt
827 3361 913 3426 velut
934 3361 1113 3427 morientes.

367 3465 560 3546 *sTimereq
584 3467 666 3532 dixit
688 3468 820 3552 angelus
843 3467 883 3531 ad
905 3465 1050 3545 feminas,
1076 3466 1209 3548 inclite,
1283 3459 1286 3468 ¹

382 3571 485 3654 lesus,
509 3595 602 3659 quem
624 3593 680 3638 vos
702 3571 844 3657 queritis,
867 3593 931 3636 non
954 3576 1003 3636 est
1024 3570 1086 3652 hic,
1110 3571 1233 3637 venite!

383 3678 510 3759 Locum,
536 3677 590 3743 ubi
613 3677 735 3763 positus
757 3677 830 3756 fuit,
854 3677 1006 3742 videatis!

382 3784 528 3850 Surrexit
549 3784 652 3862 enim3
675 3805 739 3848 non
762 3787 811 3848 est
832 3783 903 3861 hic3
926 3781 987 3847 hoc
1008 3785 1129 3847 certum
1152 3781 1337 3848 habeatislr

304 3909 355 3947 ⁶1¹0
383 3886 441 3954 ille
463 3911 537 3953 vero
559 3888 713 3953 visionem
735 3887 842 3973 angeli
865 3891 1028 3971 stupentes

382 3993 588 4059 Intraverunt
609 3998 860 4072 monumentum,
883 3994 1033 4076 paventes
1056 3995 1088 4055 et
1109 3990 1268 4073 timentes,

384 4097 448 4164 Ubi
470 4099 548 4163 duos
566 4093 649 4163 ¹alios
672 4097 802 4184 angelos
824 4096 981 4174 viderunt,

381 4201 525 4268 Vestitos
548 4203 628 4268 olbis
652 4203 804 4282 vestibus,
826 4201 904 4287 ipsis
927 4202 982 4286 qui
1005 4202 1172 4268 dixerunt:

790 4326 808 4366 ψ

294 4431 363 4494 6087
382 4429 406 4494 G
425 4429 561 4492 moriendi
580 4431 653 4485 statt
671 4427 826 4486 mordendi.
898 4429 967 4486 6089
986 4429 1009 4485 G
1030 4429 1074 4484 Ab
1092 4427 1151 4490 hoc

1508 2295 1515 2564 l
