3034 4922
666 343 730 410 219

202 541 253 578 ⁸⁴⁷⁰
278 522 481 588 Diversarum
503 518 670 585 nationum
693 523 804 604 gentes
826 523 1056 600 convenerunt,

276 627 352 693 lllos
375 626 462 712 loqui
484 625 580 690 variis
603 625 722 710 linguis
745 625 943 690 audiverunt.

280 731 396 799 Omnes
418 753 494 818 ergo
516 729 687 815 stupefacti
709 735 829 796 stantes
851 729 1060 812 mirabantur,

278 839 368 916 Quod
389 838 555 903 nationum
578 837 719 902 omnium
741 836 776 900 hi
798 836 917 922 linguis
939 837 1169 922 loquebantur3

277 941 362 1009 Nam
384 943 506 1008 audivit
528 942 744 1027 unnsquisque
765 941 909 1028 linguam
931 964 987 1006 rue
1009 947 1102 1022 terre,

200 1067 250 1106 un
278 1047 325 1113 De
347 1071 411 1134 qua
432 1051 527 1113 natus
549 1047 663 1126 fuerat,
687 1047 851 1132 loquentes
873 1047 932 1113 hos
955 1047 1106 1131 proferre.

277 1152 391 1218 Postea
412 1153 559 1238 discipuli
582 1175 639 1237 per
661 1154 814 1218 mnndum
837 1158 912 1218 sunt
934 1154 1085 1240 dispersi;

275 1257 396 1324 Euntes
418 1281 475 1344 per
496 1259 662 1324 emcuitum
684 1259 770 1324 orbis
793 1259 932 1324 universi

276 1362 486 1430 Predicabant
507 1363 656 1449 undique,
681 1363 808 1430 domino
831 1364 970 1442 iuuante,

277 1467 447 1556 Signisqee
468 1470 672 1555 sequentibus
695 1491 871 1534 sermonem
893 1469 1109 1536 confirmante

129 1710 183 1782 De
210 1711 313 1782 statu
333 1710 411 1782 vite
431 1709 584 1802 virginis
598 1707 714 1781 Maris
734 1709 820 1803 post
839 1709 1091 1782 ascensionem
1112 1705 1179 1778 filii
1197 1707 1267 1780 soi.

204 1911 254 1950 eea
281 1891 370 1958 Tunc
391 1893 510 1958 mansit
531 1893 564 1957 in
586 1890 765 1958 Jerusalem
788 1891 893 1958 Maria
913 1897 1015 1958 mater
1038 1891 1098 1971 dei,
1220 1927 1227 1938 ·

279 1996 407 2063 Cunctis
428 1997 646 2063 recedentibus
669 1997 841 2082 discipulis,
864 1999 946 2063 etei

275 2101 484 2188 Evangeliste
505 2101 669 2168 lohannes
691 2103 803 2168 devote
825 2102 992 2182 serviebat,

277 2207 314 2273 ln
336 2209 426 2273 euius
448 2209 506 2273 bec
528 2207 668 2292 bospitio
690 2207 809 2293 iugiter
832 2207 990 2273 manebat.

277 2311 405 2398 Semper
428 2315 497 2378 erat
518 2334 721 2397 perseverans
744 2313 777 2376 in
801 2313 944 2378 oratione

202 2435 251 2474 ⁸⁴⁸⁶
275 2417 319 2486 llt
341 2419 464 2484 celestis
486 2419 595 2504 gaudii
618 2417 893 2502 contemplatione.

279 2523 416 2609 Vigiliis,
440 2523 566 2588 ieiuniis
589 2545 625 2588 ae
647 2523 832 2611 devotioni¹

275 2625 402 2694 Intente
424 2651 547 2714 semper
569 2628 677 2693 extitit
699 2632 732 2692 et
753 2627 959 2692 meditatione

274 2731 353 2818 Seps
375 2733 474 2800 libros
496 2733 681 2819 perlegebat
703 2736 884 2798 sanctarum
907 2731 1146 2816 seripturarum,

274 2838 366 2924 Legis
389 2844 421 2904 et
444 2839 586 2924 decalogi
609 2839 675 2904 sive
698 2837 936 2923 prophetarum,

203 2962 250 2999 ereo
274 2943 460 3010 Doctrinem
481 2944 531 3009 sni
552 2943 611 3008 filii
634 2965 757 3028 semper
779 2941 953 3020 recolendo,

275 3047 385 3128 Dictis,
408 3048 512 3127 factis,
534 3047 665 3113 monitis
687 3048 754 3113 eins
776 3047 959 3112 inherendo.

276 3151 354 3219 Cum
377 3154 442 3218 vite
464 3153 650 3218 castimonia
672 3173 795 3237 semper
817 3150 989 3231 ieiunabat,

275 3257 449 3344 Nunquam
472 3262 546 3323 ante
566 3279 685 3324 nonam
707 3258 819 3322 horam
842 3258 949 3322 cibum
971 3258 1191 3326 manducabat.

276 3365 350 3430 Fuit
372 3365 404 3430 in
426 3363 554 3450 eloquio
576 3363 676 3429 dulcis
699 3368 731 3428 et
753 3363 888 3428 discreta

204 3489 251 3528 aee
277 3469 432 3536 Omnibus
454 3469 627 3534 virtutibus
650 3473 682 3534 et
704 3469 810 3553 gratia
833 3467 963 3553 repleta.

276 3575 312 3640 ln
335 3597 478 3642 sermone
500 3597 596 3640 verax
619 3579 688 3639 erat
711 3579 808 3659 atque
830 3575 1066 3660 circumspecta,

276 3680 381 3746 Verba
403 3681 508 3744 vitans
531 3679 672 3744 vanitate
694 3680 744 3744 vel
766 3679 840 3744 otiis
862 3679 989 3746 inlecta

276 3783 312 3850 In
335 3785 485 3850 omnibns
507 3783 706 3850 sermonibus
728 3807 851 3869 semper
873 3786 1057 3852 intendebat

277 3887 433 3955 Edificare
454 3889 616 3975 proximos
638 3891 761 3956 deiide
783 3913 878 3976 quam
902 3891 1040 3958 tenebat.

373 4127 428 4202 De
455 4129 669 4224 eloquentia
698 4131 853 4226 virginis
880 4129 1009 4204 Maria.

204 4324 252 4364 aa
278 4307 362 4374 Raro
382 4315 489 4376 tamen
511 4311 710 4396 loquebatur,
733 4314 786 4378 sed
809 4333 881 4378 eum
903 4315 1092 4398 opportebat

277 4413 377 4502 boqui
399 4437 472 4487 suos
494 4417 540 4485 sie
562 4439 721 4484 sermones
742 4439 865 4506 semper
887 4417 1101 4500 convertebat,
