2996 4924
655 359 697 426 45

260 533 303 600 Elt
324 533 358 598 in
383 555 479 598 manu
503 533 623 620 singuli
646 535 753 618 virgas
776 535 962 602 baiolarent.

259 637 378 704 Idcirco
401 639 461 704 viri
484 639 614 724 plurimi
636 643 800 718 venerunt,
824 642 856 704 et
878 640 1051 724 portabant

258 743 376 830 Virgae
399 767 472 808 suas
495 748 592 829 atque
613 766 737 809 summo
760 744 915 809 sacerdoti
937 745 1067 827 dabant,
1173 729 1175 732 ⁵

182 867 233 904 1²⁶⁰
260 849 321 927 Qui
343 854 484 934 receptas
507 849 650 934 singulas
673 849 775 934 signis
797 849 1009 934 consignavit,

258 953 327 1020 Nec
348 977 414 1020 non
436 979 488 1021 eas
511 956 551 1020 ad
573 954 684 1020 altaris
707 954 791 1020 latus
813 955 989 1033 collocavit,

258 1060 387 1126 Cunctis
411 1061 660 1146 prestolantibus
681 1083 753 1125 cum
776 1061 994 1145 expectatione

261 1165 413 1232 Divinum
436 1167 625 1232 miraculum
647 1187 684 1230 ac
706 1167 891 1244 devotione;

260 1269 321 1336 Sed
343 1295 443 1357 usque
464 1272 546 1338 diem
571 1273 701 1337 tertium
725 1275 886 1336 manentes
909 1293 973 1336 non
996 1271 1144 1338 viderunt

183 1393 235 1431 nas
260 1375 345 1443 Fieri
367 1378 574 1456 miraculum
598 1377 638 1443 ob
661 1376 722 1442 hoc
745 1377 978 1461 obstupuerunt

258 1481 302 1546 Et
322 1505 450 1548 rursum
472 1485 564 1550 deum
588 1483 733 1568 precibus
757 1483 915 1568 rogabant
936 1483 1129 1563 invocantes,

261 1585 303 1651 Et
324 1588 453 1674 signum
476 1589 560 1674 quod
583 1588 771 1672 promiserat
794 1587 834 1651 ab
857 1588 926 1672 ipso
948 1587 1155 1672 postulantes.

259 1691 348 1757 Tunc
370 1693 486 1758 iterum
509 1693 617 1758 divina
638 1714 700 1758 vox
722 1692 753 1756 in
780 1693 899 1776 templo
922 1694 1101 1774 resonabat,

260 1796 388 1863 Cunctis
411 1798 612 1864 audientibus
635 1798 695 1862 hoc
717 1797 822 1862 dicens
845 1796 1058 1862 exclamabat:

183 1922 234 1960 nso
263 1903 354 1969 »Huc
375 1926 439 1969 non
463 1903 551 1968 venit
572 1903 626 1968 ille
649 1903 699 1968 dei
722 1903 854 1968 devotus
876 1906 909 1967 et
930 1902 1063 1967 dilectus

261 2009 313 2074 Ad
334 2010 489 2094 templum
512 2008 567 2094 qni
588 2007 777 2072 miraculum
799 2029 855 2091 pre
878 2007 999 2072 cunctis
1022 2011 1071 2072 est
1093 2007 1235 2088 electus„

262 2114 320 2180 Cui
342 2116 419 2180 deus
441 2115 599 2201 virginem
621 2113 757 2178 Mariam
780 2113 946 2198 deputavit

259 2219 371 2307 Neque
392 2221 480 2286 venit
501 2241 603 2305 neque
624 2241 718 2302 suam
737 2219 861 2304 virgam
883 2217 947 2282 huc
968 2217 1127 2302 portavit;

261 2324 324 2390 Hic
345 2325 526 2390 habitatin
550 2323 747 2402 Bethlehem,
770 2321 871 2388 Jacob
892 2326 984 2408 patre
1007 2327 1102 2387 natus

183 2449 235 2486 ¹¹⁸⁶
261 2431 309 2518 De
330 2431 417 2496 tribu
440 2429 537 2511 Juda,
559 2429 687 2494 nomine
709 2427 830 2514 Joseph
852 2426 1041 2513 appellatus.

237 2747 289 2824 De
318 2749 641 2824 commendatione
667 2747 808 2843 Joseph
834 2746 961 2841 sponsi
987 2745 1116 2820 Maria.

260 2957 324 3025 Iste
346 2981 420 3024 vero
442 2957 563 3044 Joseph
585 2963 655 3024 erat
675 2957 753 3023 civis
775 2956 1014 3036 bethlehemita,

262 3065 292 3130 A
313 3064 414 3130 Jacob
436 3069 527 3150 patre
549 3066 686 3150 genitus,
709 3065 764 3150 qui
787 3064 927 3128 moribus
950 3067 982 3128 et
1004 3061 1072 3128 vita

140 3157 142 3161 ¹
261 3169 368 3255 Atque
389 3169 546 3254 sapientia
568 3191 624 3253 pre
645 3167 930 3253 ceteris-pollebat,

261 3273 507 3340 Conversatione
530 3275 614 3340 bona
635 3278 764 3340 cunctos
787 3273 969 3339 excellebat.

186 3397 234 3440 11²⁰
261 3375 372 3446 Frater
395 3381 457 3446 l'nit
479 3379 592 3465 Cleopa
614 3380 669 3465 qui
693 3379 821 3444 Annam
842 3379 876 3443 in
900 3401 1029 3444 uxorem

261 3483 338 3551 Post
359 3490 494 3552 mortem
517 3485 618 3565 duxit,
641 3485 787 3556 Joachim
811 3483 956 3550 Ysmerie
979 3505 1136 3564 sororem3

261 3589 336 3657 Fuit
358 3591 411 3656 hic
432 3591 555 3656 iustitie
577 3590 759 3656 verissimus
782 3590 900 3656 zelator

261 3697 367 3782 Atque
390 3697 541 3783 pudicitie
561 3697 756 3762 castissimus
778 3699 920 3774 amator;

260 3801 414 3869 Servabat
435 3803 649 3868 innocentiam
672 3825 744 3868 cum
766 3802 869 3867 cordis
890 3801 1031 3887 puritate

189 3927 237 3966 nro
262 3909 368 3996 Atque
390 3907 577 3995 patientiam
593 3932 671 3978 ,cum
693 3908 885 3974 humilitate.

262 4015 329 4082 Deo
351 4018 383 4082 et
404 4015 588 4081 hominibus
610 4015 736 4100 fuitque
758 4015 900 4094 dilectus,

263 4117 300 4186 ln
322 4143 465 4187 semona
486 4143 583 4186 verax
605 4124 684 4201 erat,
707 4121 810 4186 iustus
832 4124 864 4186 ct
887 4119 1064 4204 perlectum

265 4225 413 4312 Simplex,
436 4226 548 4308 bonus,
571 4226 711 4306 humilis,
733 4225 832 4290 mutis
854 4229 887 4291 et
909 4225 1102 4303 mansuetus,

265 4327 338 4396 Pius
360 4335 393 4397 et
415 4331 561 4396 amabilis
584 4331 648 4396 fnit
669 4335 702 4396 et
723 4331 887 4395 discretus.

194 4449 243 4488 1¹⁸⁰
267 4433 396 4502 Dulcem
418 4441 450 4502 et
472 4435 642 4502 amabilem
664 4458 683 4500 a
705 4435 826 4500 cunctis
849 4433 1020 4500 exhibebat
