3060 4936
680 335 741 404 189

136 510 268 578 horrida
290 511 463 594 execratio,
487 516 519 578 et
541 513 710 597 tyrannica
732 509 900 578 habitatio.
942 512 1098 598 siquidem
1121 514 1209 600 rupis
1231 510 1288 578 illa

138 619 231 704 quasi
253 618 384 704 granffis
406 618 555 684 columna
576 619 714 684 rotunda
737 641 756 683 a
778 621 864 683 terra
880 619 1054 706 consurgit,
1077 642 1114 684 ac
1128 621 1155 685 ai
1172 625 1240 685 arte
1256 623 1288 684 et

140 724 299 789 industria
321 727 403 788 esset
424 723 510 788 facta
530 723 687 802 humana,
719 729 750 790 et
778 725 812 790 in
845 725 923 809 pede
945 725 995 790 vel
1018 725 1177 792 radicibus
1199 727 1287 811 rupis

140 834 189 896 est
210 852 245 896 os
267 834 389 915 patens,
413 852 469 915 per
492 831 577 916 quod
601 836 649 897 est
671 833 833 916 ingressus
856 831 895 896 ad
911 853 1037 916 specum
1053 830 1238 896 horribilem
1254 833 1286 896 in

139 935 256 1000 montis
288 940 449 1016 ventrem,
483 940 593 1022 estque
619 937 750 1021 grandia
780 943 901 1002 naturae
931 937 1024 1002 molis
1057 937 1219 1002 execratio
1255 938 1287 1001 in

139 1041 242 1106 latum
267 1043 300 1106 et
321 1041 355 1105 in
378 1041 480 1106 altum
503 1047 535 1106 et
557 1042 592 1106 in
615 1043 757 1128 longum.
796 1065 852 1108 nec
875 1047 980 1128 potest
1002 1041 1183 1128 ingrediens
1202 1042 1287 1106 alind

140 1146 306 1230 suspicari,
330 1147 391 1212 nisi
414 1169 542 1231 specum
565 1148 655 1212 illam
679 1171 697 1212 a
720 1149 883 1214 conditore
905 1146 992 1213 orbis
1008 1169 1074 1212 esse
1089 1146 1208 1212 factam
1231 1169 1289 1232 pro

142 1251 342 1316 habitatione
365 1253 498 1318 alicuius
521 1253 657 1318 monstri
672 1253 822 1339 ingentis.
868 1253 984 1338 Specus
999 1253 1056 1317 illa
1071 1253 1178 1316 lumen
1193 1252 1291 1316 habet

139 1359 173 1422 in
196 1357 259 1422 fine
281 1379 338 1423 suo
361 1363 446 1423 retro
468 1359 501 1422 in
524 1359 692 1443 profundo,
717 1358 793 1444 quia
814 1359 959 1443 quedam
982 1357 1138 1422 naturalis
1153 1358 1290 1423 scissura

142 1463 260 1528 montis
283 1467 315 1527 et
338 1464 425 1547 rupis
448 1464 575 1548 grande.
592 1466 735 1528 causavit
756 1464 790 1528 in
812 1463 1027 1548 superioribus
1044 1463 1216 1528 rotundum
1238 1463 1289 1528 io·

140 1590 260 1646 ramea,
285 1590 341 1653 per
363 1568 447 1653 quod
480 1569 645 1654 spargitur
666 1568 740 1634 coeli
766 1569 890 1647 lumen,
921 1571 952 1632 et
983 1589 1093 1652 specus
1126 1568 1290 1634 horribilis

141 1674 312 1738 humanior
335 1673 477 1738 redditur
492 1679 524 1738 et
540 1672 727 1738 mirabilior.
772 1671 810 1737 In
826 1673 876 1737 sui
892 1677 998 1738 autern
1012 1673 1168 1759 principio
1184 1674 1290 1739 lumen

142 1801 200 1864 per
222 1801 257 1844 os
280 1779 347 1844 eius
362 1778 558 1844 immittitur.
596 1779 635 1844 ad
652 1779 736 1844 latus
752 1780 816 1844 oris
831 1779 989 1864 speluncae
1007 1779 1047 1843 ab
1063 1783 1154 1844 extra
1169 1779 1292 1863 positus

141 1890 190 1950 est
212 1886 344 1973 grandis
367 1886 448 1971 lapis
472 1885 626 1951 rotundus
649 1885 689 1950 ad
713 1905 894 1949 mensuram
917 1884 991 1962 oris,
1014 1906 1079 1968 quo
1099 1883 1292 1949 monstruosi

145 1991 343 2056 habitatores
359 2013 469 2074 specus
485 2013 520 2056 os
536 1991 726 2056 claudebant
741 1989 908 2074 spelunca.
946 1988 1031 2054 hunc
1046 1989 1183 2073 lapidem
1198 1989 1293 2056 multi

143 2119 206 2162 non
232 2101 361 2182 possent
384 2098 444 2163 viri
474 2119 609 2162 movere.
651 2097 692 2161 ab
722 2096 779 2160 illo
809 2095 913 2179 lapide
942 2095 1158 2160 indubitatum
1189 2095 1293 2179 accepi

144 2208 377 2289 argumentum,
403 2223 530 2286 specum
552 2203 641 2267 illam
664 2201 897 2267 habitationem
921 2200 1018 2266 fuisse
1046 2201 1179 2266 alicuius
1202 2223 1293 2265 mon-

142 2309 269 2374 struosi
284 2307 429 2393 Cyclopis
462 2313 519 2373 aut
549 2308 690 2394 ingentis
712 2307 877 2391 (digentis,
910 2310 965 2372 aut
989 2305 1212 2391 Nympharum
1244 2305 1294 2370 rel

143 2413 310 2479 Musarum
332 2413 378 2478 ibi
400 2413 498 2478 fuisse
521 2417 731 2492 conventum,
763 2413 796 2476 in
820 2433 883 2496 quo
906 2410 1070 2476 nocturnis
1100 2410 1295 2475 carminibus

143 2541 202 2585 sua
224 2518 428 2584 celebrabant
450 2518 576 2603 gaudia.
624 2517 750 2582 Dicitur
784 2516 868 2581 enirn
890 2517 978 2601 rupis
1010 2515 1067 2580 illa
1097 2535 1170 2580 cunr
1201 2537 1296 2600 specu

144 2623 383 2710 Singrensstain
401 2621 431 2703 ¹,
463 2623 547 2688 forte
579 2623 619 2688 ab
649 2643 686 2688 eo
714 2621 798 2706 quod
821 2619 955 2706 Cyclops
978 2625 1034 2686 aut
1058 2617 1156 2705 Gigas
1178 2641 1294 2684 nomen

145 2730 261 2796 habuit
281 2727 465 2812 Singrenus‚
489 2729 580 2813 quasi
603 2727 683 2812 lapis
704 2725 863 2812 Singreni
887 2725 937 2792 vel
960 2727 1000 2790 ab
1023 2725 1123 2790 herba
1144 2723 1292 2810 ingrien²

146 2837 242 2916 dicta,
259 2857 330 2920 qnae
346 2819 464 2899 ibidem'
479 2837 570 2899 iuxta
586 2855 696 2919 rupem
712 2834 832 2898 crescit.
877 2831 989 2898 Simile
1004 2837 1132 2898 anuum
1147 2830 1296 2896 habuisse

145 2943 265 3029 legitur
288 2941 421 3026 Cyclops
443 2941 498 3005 ille
520 2961 615 3026 quem
639 2939 770 3024 Ulysses
792 2939 934 3016 caecavit,
959 2943 991 3003 et
1012 2937 1110 3024 Gigas
1127 2935 1214 3021 Eryx
1241 2938 1297 3000 aut

145 3045 338 3113 Erichellus.
385 3045 586 3130 Suspicatum
609 3046 672 3112 fuit
694 3045 745 3110 his
761 3045 852 3109 annis
875 3045 907 3108 in
931 3043 1089 3108 radicibus
1105 3041 1192 3106 illius
1209 3040 1297 3124 rupis

146 3175 215 3219 esse
239 3153 403 3234 mineram,
428 3152 511 3217 unde
535 3153 663 3236 quidam
687 3151 877 3216 minarerius
900 3171 984 3215 anno
1007 3147 1166 3232 praeterito
1189 3145 1298 3210 inore

145 3258 304 3344 spelunca
328 3259 522 3342 sartaginem
544 3259 686 3343 paravit,
710 3263 741 3321 et
763 3258 798 3320 in
821 3255 1013 3340 profundum
1034 3253 1158 3318 fodiens
1181 3256 1299 3314 terram

144 3365 217 3430 anri
240 3363 291 3428 rel
314 3365 439 3446 argenti
462 3363 599 3428 feracem
622 3363 764 3428 invenire
787 3361 954 3446 sperabat,
984 3363 1017 3424 et
1040 3356 1228 3442 profundius
1249 3355 1300 3420 fo·

147 3471 257 3548 disset,
281 3469 342 3534 nisi
366 3469 519 3534 archidux
533 3469 675 3534 Austrioe
698 3470 727 3534 ei
749 3468 891 3533 laborem
906 3465 1132 3531 interdixisset.
1178 3461 1215 3527 In
1230 3461 1300 3546 ipsa

147 3597 243 3662 specu
267 3579 316 3640 est
338 3577 460 3660 optima
483 3575 664 3642 resonantia
689 3575 728 3638 ad
751 3573 952 3648 cantandum,
977 3575 1009 3636 et
1031 3571 1111 3635 tales
1133 3589 1299 3634 sonorosas

147 3703 260 3767 specus
284 3681 469 3766 quaerebant
485 3682 595 3762 Musae,
619 3703 698 3766 quas
722 3685 823 3765 poetae
846 3679 928 3742 filias
951 3675 1042 3742 doris
1066 3681 1098 3741 et
1114 3673 1298 3740 Memoriae⁸

149 3787 404 3874 fuissetiugunt
426 3793 458 3854 et
475 3787 618 3873 Apollini
640 3785 744 3871 lyram
764 3783 905 3870 pulsanti
921 3781 1133 3848 conclamasse
1148 3785 1180 3846 et
1195 3779 1300 3845 conci-

146 3896 265 3960 nuisse.
304 3893 372 3958 Has
395 3891 619 3980 Pyrtheneus⁴
643 3913 751 3956 earum
768 3887 965 3954 adversarius
985 3888 1017 3952 in
1036 3885 1136 3951 antris
1152 3888 1300 3950 canentes

715 3983 733 4022 ²lt

227 4071 237 4122 l
263 4065 469 4136 Singrensatein
490 4067 563 4121 lllon.
587 4067 608 4119 l.
646 4059 1048 4136 SingrenstainKl.Gold.ut.
1084 4055 1300 4128 Sangrensatain

149 4155 238 4211 Wibl.
280 4152 490 4222 Singrensatain
509 4151 599 4208 Schm.
688 4147 927 4218 2lmmergrr'rn?
946 4148 1012 4206 oder
1031 4147 1172 4216 Sinngriln
1200 4143 1301 4215 (Vinea

148 4245 245 4316 minor
265 4241 325 4308 Li?
378 4242 395 4296 3
414 4240 464 4296 Die
486 4257 583 4294 mosen
602 4239 663 4302 siud
685 4240 794 4294 tochter
817 4237 865 4294 des
882 4237 951 4294 Zeus
969 4235 1027 4290 und
1046 4235 1095 4294 der
1113 4235 1300 4300 Mnemosyne.

147 4331 364 4402 dPyrethneus
386 4329 470 4396 tVibl.
507 4327 681 4396 Pyrtheneus
700 4327 760 4381 Scb.
780 4327 822 4381 ill,
850 4325 921 4382 llon.
943 4324 966 4378 1.
991 4320 1082 4377 Schm.
1119 4319 1300 4388 Pyrthenaeus

150 4421 231 4480 Gold.
253 4422 292 4474 ut.
330 4418 388 4486 Sall
407 4415 600 4484 noblheissea
618 4413 961 4485 l'yrcnerrs,„0v.„hletam
978 4414 1003 4476 b,
1022 4411 1081 4469 274.

1324 3355 1382 3390 coro.
1489 3338 1498 3363 ¹·

1312 3401 1345 3435 rr.
1356 3402 1396 3436 m.
