3060 4936
774 719 840 790 Gap.
865 720 889 773 7.

155 844 259 923 nillil.
504 858 562 926 De
586 858 837 946 Wiblingen
860 861 1124 926 monasterio
1144 861 1165 926 ¹.

347 1051 473 1116 Deinde
489 1050 528 1116 ad
551 1054 674 1134 partem
689 1050 928 1118 meridionalem
951 1075 1001 1116 me
1016 1053 1237 1133 convertendo,
1261 1055 1300 1118 de
1315 1053 1409 1120 Wib-

259 1157 368 1242 lingen
393 1159 425 1221 et
449 1153 628 1240 Hegbach¹
650 1156 852 1222 monasteriis
875 1157 995 1242 aliquid
1017 1156 1162 1222 inferam.

346 1259 534 1346 Wiblingen
557 1262 737 1328 coenobium
760 1261 914 1347 religione
936 1261 1142 1348 singulariter
1164 1261 1323 1328 famatum
1340 1263 1410 1346 plus

259 1389 355 1451 quam
378 1371 505 1432 centurn
529 1366 620 1430 annis
644 1370 718 1430 ante
741 1365 919 1452 lllchingen
942 1364 1113 1432 fundatum
1134 1367 1209 1446 fuit,
1232 1367 1290 1432 illo
1313 1389 1410 1432 aureo

257 1475 402 1556 ternpore
418 1475 450 1536 et
466 1469 615 1555 placabili
631 1491 714 1534 anno
730 1470 850 1535 domini
868 1472 962 1551 1099,
983 1494 1046 1556 quo
1064 1471 1285 1557 Hierosolyma
1300 1477 1410 1536 saneta

259 1578 372 1641 civitas
388 1581 482 1661 capta
497 1575 561 1640 fuit
583 1598 602 1640 a
617 1576 734 1659 populo
757 1575 943 1656 christiano,
968 1576 1045 1641 duee
1060 1574 1275 1643 Gothofrido⁸
1298 1577 1411 1642 claris·

263 1682 343 1746 simo
359 1681 577 1768 Irotharingiae
599 1681 723 1760 comite,
747 1685 779 1746 et
793 1685 826 1746 in
850 1681 1032 1748 libertatem
1047 1681 1229 1747 christianae
1245 1681 1412 1766 religionis

259 1787 398 1852 reducta.
426 1785 486 1852 lllo
502 1787 587 1852 enirn
604 1808 699 1851 aureo
715 1790 856 1870 tempore
871 1807 961 1870 paene
977 1807 1085 1852 omues
1101 1787 1223 1854 nobiles
1239 1787 1413 1853 occidentis

259 1896 291 1957 et
314 1891 404 1976 quasi
435 1891 534 1956 totius
557 1889 696 1975 Europae
728 1912 800 1955 cum
823 1891 958 1955 infinitis
992 1891 1172 1976 legionibus
1203 1893 1237 1956 in
1259 1893 1412 1978 passagio

259 2001 345 2062 terra
360 2001 477 2062 sanctae
494 1999 592 2060 erant
640 1994 691 2060 Illi
708 2017 782 2060 vero
797 1995 921 2062 nobiles
938 1997 993 2080 qui
1009 2001 1236 2078 remanserant,
1259 2019 1413 2082 expensas

260 2123 339 2188 quas
356 2124 411 2186 per
426 2123 513 2166 mare
528 2101 539 2136 ⁴
556 2100 674 2166 facturi
691 2100 835 2180 fuissent,
858 2101 891 2164 in
908 2101 1121 2181 ecclesiarum,
1144 2103 1412 2168 monasteriorum

260 2211 292 2273 et
332 2207 602 2291 eleemosynarum
635 2205 863 2272 convertebant
896 2227 998 2271 usum.
1055 2205 1160 2272 Erant
1192 2211 1299 2273 autem
1335 2212 1412 2272 tunc

260 2317 418 2396 tempores
434 2311 496 2376 duo
512 2311 652 2376 illustres
669 2310 799 2389 domini,
816 2313 893 2395 puto
910 2310 1040 2375 comites
1056 2310 1094 2375 de
1110 2309 1314 2396 Kirchberg⁶
1334 2308 1412 2376 Otto

210 2457 219 2465 ·
261 2423 292 2482 et
314 2417 535 2482 Hartmannus
558 2415 715 2493 fratres⁶,
749 2414 805 2500 qui
828 2413 994 2480 devotione
1016 2413 1090 2480 fidei
1112 2415 1250 2496 accensi,
1285 2437 1412 2482 crucem

260 2544 330 2586 curn
361 2522 473 2586 ceteris
503 2520 716 2605 principibus,
749 2519 935 2599 comitibus,
969 2517 1159 2600 baronibus,
1190 2520 1349 2586 militibus
1381 2525 1413 2587 et

260 2626 421 2692 nobilibus
444 2630 647 2710 sumpserunt
677 2625 797 2710 signati
820 2624 858 2688 ad
882 2645 1024 2710 pugnam
1053 2629 1164 2690 contm
1186 2625 1331 2691 infideles
1354 2649 1413 2711 pro

260 2732 389 2798 civitate
404 2737 515 2798 saneta
529 2730 715 2796 Jerusalem.
751 2729 811 2796 Sed
828 2735 864 2795 ut
879 2735 989 2796 sancta
1004 2751 1091 2811 crux,
1109 2730 1168 2796 sub
1185 2752 1248 2814 qua
1262 2753 1411 2817 pugnare

262 2837 412 2902 volebant
434 2841 466 2902 et
488 2837 577 2902 cuius
600 2837 729 2922 signum
751 2835 891 2902 vestibus
915 2836 980 2901 suis
1003 2841 1146 2902 assutum
1162 2835 1336 2917 habebant,
1360 2860 1412 2903 eos

265 2945 448 3030 protegeret
469 2947 501 3008 et
516 2941 706 3021 defenderet,
730 2941 763 3006 in
787 2945 974 3026 perpetuum
990 2942 1092 3006 crucis
1113 2941 1264 3006 honorem
1290 2947 1324 3007 et
1347 2965 1413 3010 sum

261 3047 454 3132 signationis
477 3048 679 3126 memoriam,
704 3051 818 3132 praeter
841 3067 993 3131 expensas
1016 3048 1050 3111 in
1073 3048 1221 3133 passagio
1242 3047 1412 3114 habituras

262 3155 429 3239 pecuniam
461 3155 621 3240 copiosam
655 3153 782 3240 elargiti
814 3157 906 3232 sunt,
943 3151 1107 3218 conductis
1140 3152 1322 3218 architectis
1353 3177 1412 3239 pro

262 3259 450 3324 fundatione
481 3265 513 3325 et
543 3257 753 3326 aedificatione
782 3257 968 3322 monasterii
1000 3261 1118 3322 sanctae
1150 3255 1258 3321 Crucis
1290 3259 1411 3322 ordinis

263 3365 364 3428 sancti
387 3361 551 3430 Benedicti
575 3365 609 3429 in
630 3367 739 3429 monte
763 3363 853 3428 iuxta
875 3362 1038 3428 ecclesiam
1060 3361 1283 3446 parochialem,
1308 3369 1346 3429 ut
1367 3365 1412 3428 sie

196 3474 236 3508 ⁰¹·
262 3467 355 3533 unico
385 3470 485 3536 crucis
518 3471 640 3536 talento
671 3473 815 3552 suscepto
846 3490 908 3534 non
947 3471 1075 3532 tantum
1104 3467 1202 3550 dupla
1229 3467 1283 3533 sed
1313 3469 1411 3554 tripla

260 3571 383 3638 talenta
406 3575 582 3656 redderent,
606 3574 727 3640 scilieet
749 3576 871 3640 animas
895 3595 952 3658 pro
977 3572 1156 3640 orthodoxa
1178 3573 1254 3654 fide,
1278 3595 1411 3660 corpora

260 3700 318 3763 pro
333 3675 511 3744 Jenrsalem
535 3684 646 3746 sancta
667 3680 806 3758 civitate,
829 3683 862 3744 et
885 3677 1092 3764 temporalem
1116 3675 1331 3744 substantiam
1353 3701 1410 3764 pro

262 3781 418 3848 dominico
449 3783 592 3869 sepulcro
625 3788 657 3850 et
680 3789 789 3850 sancta
811 3806 918 3866 cruce,
947 3789 1103 3869 quatenus
1132 3783 1165 3848 in
1188 3785 1410 3850 transmarinis

826 3918 843 3958 *

333 3999 347 4052 l
366 3998 406 4054 De
424 3999 587 4070 wiblingen
606 3999 777 4057 monasterio
795 4000 870 4058 llon.
884 4000 907 4056 l.
927 3998 1007 4055 Gold.
1021 4001 1060 4054 ut.
1100 3997 1264 4068 wiblingen
1283 3997 1345 4054 Sub.
1367 3999 1408 4054 Kl.

261 4085 345 4142 Wibl.
434 4089 604 4158 2Hbgbaah
623 4087 684 4143 Sch.
704 4087 748 4142 [u.
767 4087 853 4142 Wibl.
873 4088 962 4142 Solum.
1059 4083 1255 4142 seorufriuo
1279 4085 1340 4140 Scb.
1365 4085 1408 4140 ΚΙ.

261 4174 432 4232 Gothofredo
455 4175 541 4229 Wibl.
568 4175 658 4230 Schm.
695 4174 839 4232 Gottirido
858 4171 929 4230 Gold
956 4177 996 4228 ut.
1024 4173 1097 4229 Mon.
1119 4175 1140 4226 l.
1229 4174 1316 4242 4pro
1334 4191 1410 4228 mora

260 4262 340 4320 Gold.
360 4267 400 4318 ut.
437 4263 675 4332 permareldon.
698 4265 720 4318 1.
741 4261 865 4317 sch.K1.
886 4259 972 4316 Wibl.
1044 4259 1235 4329 5Kirchberg
1247 4259 1335 4314 Schm.
1391 4263 1409 4316 6

259 4351 310 4404 filii
328 4350 437 4407 comitis
456 4349 559 4404 Albani
578 4350 612 4405 de
632 4351 797 4420 Kyrchberg
813 4349 887 4406 Mon.
908 4351 932 4404 l.
951 4365 998 4404 am
1015 4347 1117 4412 rande.
1139 4365 1192 4404 ron
1212 4346 1263 4402 der
1280 4347 1408 4418 gleichen

260 4437 336 4495 hand
355 4439 412 4493 und
431 4437 512 4492 tinte.
