<?xml version="1.0" encoding="UTF-8"?>
<!DOCTYPE html PUBLIC "-//W3C//DTD XHTML 1.0 Transitional//EN"
    "http://www.w3.org/TR/xhtml1/DTD/xhtml1-transitional.dtd">
<html xmlns="http://www.w3.org/1999/xhtml" xml:lang="en" lang="en">
 <head>
  <title>
</title>
<meta http-equiv="Content-Type" content="text/html;charset=utf-8" />
  <meta name='ocr-system' content='tesseract 3.04.00' />
  <meta name='ocr-capabilities' content='ocr_page ocr_carea ocr_par ocr_line ocrx_word'/>
</head>
<body>
  <div class='ocr_page' id='page_1' title='image "./vitabeatevirgin01vggoog_0524.png"; bbox 0 0 3080 4938; ppageno 0'>
   <div class='ocr_carea' id='block_1_1' title="bbox 786 305 828 370">
    <p class='ocr_par' dir='ltr' id='par_1_1' title="bbox 786 305 828 370">
     <span class='ocr_line' id='line_1_1' title="bbox 786 305 828 370; baseline 0.048 -2"><span class='ocrx_word' id='word_1_1' title='bbox 786 305 828 370; x_wconf 81' lang='lat'>60</span> 
     </span>
    </p>
   </div>
   <div class='ocr_carea' id='block_1_2' title="bbox 201 478 1392 3833">
    <p class='ocr_par' dir='ltr' id='par_1_2' title="bbox 201 478 1392 3833">
     <span class='ocr_line' id='line_1_2' title="bbox 233 478 1383 564; baseline -0.003 -18"><span class='ocrx_word' id='word_1_2' title='bbox 233 483 308 548; x_wconf 88' lang='lat' dir='ltr'>ldeo</span> <span class='ocrx_word' id='word_1_3' title='bbox 330 483 460 562; x_wconf 82' lang='lat' dir='ltr'><strong>famosi,</strong></span> <span class='ocrx_word' id='word_1_4' title='bbox 492 478 707 564; x_wconf 73' lang='lat' dir='ltr'>praecellentes</span> <span class='ocrx_word' id='word_1_5' title='bbox 741 484 773 545; x_wconf 89' lang='lat' dir='ltr'>et</span> <span class='ocrx_word' id='word_1_6' title='bbox 795 479 963 544; x_wconf 82' lang='lat' dir='ltr'>clarissimi</span> <span class='ocrx_word' id='word_1_7' title='bbox 986 482 1166 556; x_wconf 73' lang='lat' dir='ltr'>senatoreS,</span> <span class='ocrx_word' id='word_1_8' title='bbox 1198 479 1383 562; x_wconf 70' lang='lat' dir='ltr'>optimates,</span> 
     </span>
     <span class='ocr_line' id='line_1_3' title="bbox 233 585 1382 674; baseline -0.003 -22"><span class='ocrx_word' id='word_1_9' title='bbox 233 588 452 674; x_wconf 62' lang='lat' dir='ltr'>magistratus</span> <span class='ocrx_word' id='word_1_10' title='bbox 475 585 641 670; x_wconf 78' lang='lat' dir='ltr'>primatus,</span> <span class='ocrx_word' id='word_1_11' title='bbox 666 589 839 669; x_wconf 74' lang='lat' dir='ltr'>potestates</span> <span class='ocrx_word' id='word_1_12' title='bbox 854 586 1061 650; x_wconf 85' lang='lat' dir='ltr'>nominantur</span> <span class='ocrx_word' id='word_1_13' title='bbox 1076 585 1283 670; x_wconf 81' lang='lat' dir='ltr'>singulariter</span> <span class='ocrx_word' id='word_1_14' title='bbox 1298 585 1382 649; x_wconf 86' lang='lat' dir='ltr'>cives</span> 
     </span>
     <span class='ocr_line' id='line_1_4' title="bbox 232 689 1383 774; baseline -0.003 -16"><span class='ocrx_word' id='word_1_15' title='bbox 232 695 426 759; x_wconf 88' lang='lat' dir='ltr'>famosarum</span> <span class='ocrx_word' id='word_1_16' title='bbox 449 693 615 759; x_wconf 85' lang='lat' dir='ltr'>civitatum</span> <span class='ocrx_word' id='word_1_17' title='bbox 639 695 676 756; x_wconf 88' lang='lat' dir='ltr'>ut</span> <span class='ocrx_word' id='word_1_18' title='bbox 697 689 795 758; x_wconf 90' lang='lat' dir='ltr'>Ulma</span> <span class='ocrx_word' id='word_1_19' title='bbox 816 695 874 756; x_wconf 87' lang='lat' dir='ltr'>est.</span> <span class='ocrx_word' id='word_1_20' title='bbox 920 691 964 755; x_wconf 83' lang='lat' dir='ltr'>Et</span> <span class='ocrx_word' id='word_1_21' title='bbox 986 691 1021 754; x_wconf 94' lang='lat' dir='ltr'>hi</span> <span class='ocrx_word' id='word_1_22' title='bbox 1037 691 1119 755; x_wconf 88' lang='lat' dir='ltr'>cives</span> <span class='ocrx_word' id='word_1_23' title='bbox 1143 691 1262 774; x_wconf 90' lang='lat' dir='ltr'>absque</span> <span class='ocrx_word' id='word_1_24' title='bbox 1285 690 1383 754; x_wconf 92' lang='lat' dir='ltr'>dubio</span> 
     </span>
     <span class='ocr_line' id='line_1_5' title="bbox 233 795 1383 881; baseline -0.004 -16"><span class='ocrx_word' id='word_1_25' title='bbox 233 800 299 865; x_wconf 87' lang='lat' dir='ltr'>veri</span> <span class='ocrx_word' id='word_1_26' title='bbox 315 798 438 864; x_wconf 93' lang='lat' dir='ltr'>nobiles</span> <span class='ocrx_word' id='word_1_27' title='bbox 461 800 537 863; x_wconf 90' lang='lat' dir='ltr'>sunt</span> <span class='ocrx_word' id='word_1_28' title='bbox 559 799 609 878; x_wconf 84' lang='lat' dir='ltr'>(ut</span> <span class='ocrx_word' id='word_1_29' title='bbox 631 800 721 880; x_wconf 90' lang='lat' dir='ltr'>patet</span> <span class='ocrx_word' id='word_1_30' title='bbox 738 797 778 860; x_wconf 82' lang='lat'>79</span> <span class='ocrx_word' id='word_1_31' title='bbox 802 796 844 880; x_wconf 88' lang='lat' dir='ltr'>(v.</span> <span class='ocrx_word' id='word_1_32' title='bbox 861 795 916 881; x_wconf 80' lang='lat'>49)</span> <span class='ocrx_word' id='word_1_33' title='bbox 941 795 1006 881; x_wconf 89' lang='lat' dir='ltr'>dig.</span> <span class='ocrx_word' id='word_1_34' title='bbox 1030 795 1144 880; x_wconf 88' lang='lat' dir='ltr'>siquis</span> <span class='ocrx_word' id='word_1_35' title='bbox 1166 795 1383 860; x_wconf 85' lang='lat' dir='ltr'>sacerdotibus</span> 
     </span>
     <span class='ocr_line' id='line_1_6' title="bbox 233 899 1381 990; baseline -0.006 -19"><span class='ocrx_word' id='word_1_36' title='bbox 233 909 266 986; x_wconf 90' lang='lat' dir='ltr'>et</span> <span class='ocrx_word' id='word_1_37' title='bbox 287 906 321 969; x_wconf 92' lang='lat' dir='ltr'>in</span> <span class='ocrx_word' id='word_1_38' title='bbox 336 905 445 990; x_wconf 86' lang='lat' dir='ltr'>glossa</span> <span class='ocrx_word' id='word_1_39' title='bbox 468 902 511 988; x_wconf 87' lang='lat'>1).</span> <span class='ocrx_word' id='word_1_40' title='bbox 557 902 632 967; x_wconf 90' lang='lat' dir='ltr'>Ideo</span> <span class='ocrx_word' id='word_1_41' title='bbox 649 903 792 967; x_wconf 81' lang='lat' dir='ltr'>Clemens</span> <span class='ocrx_word' id='word_1_42' title='bbox 815 924 898 986; x_wconf 86' lang='lat' dir='ltr'>papa</span> <span class='ocrx_word' id='word_1_43' title='bbox 913 903 1040 986; x_wconf 80' lang='lat' dir='ltr'>scripsit</span> <span class='ocrx_word' id='word_1_44' title='bbox 1062 903 1102 966; x_wconf 88' lang='lat' dir='ltr'>ad</span> <span class='ocrx_word' id='word_1_45' title='bbox 1118 899 1288 985; x_wconf 90' lang='lat' dir='ltr'>Neapolim</span> <span class='ocrx_word' id='word_1_46' title='bbox 1304 902 1381 967; x_wconf 89' lang='lat' dir='ltr'>civi·</span> 
     </span>
     <span class='ocr_line' id='line_1_7' title="bbox 233 1005 1382 1092; baseline -0.005 -16"><span class='ocrx_word' id='word_1_47' title='bbox 233 1011 362 1076; x_wconf 90' lang='lat' dir='ltr'>tatem¹</span> <span class='ocrx_word' id='word_1_48' title='bbox 402 1010 436 1073; x_wconf 91' lang='lat' dir='ltr'>in</span> <span class='ocrx_word' id='word_1_49' title='bbox 468 1007 750 1092; x_wconf 82' lang='lat' dir='ltr'>superscriptione:</span> <span class='ocrx_word' id='word_1_50' title='bbox 784 1005 956 1072; x_wconf 86' lang='lat' dir='ltr'>Nobilibus</span> <span class='ocrx_word' id='word_1_51' title='bbox 989 1007 1111 1072; x_wconf 81' lang='lat' dir='ltr'>civibus</span> <span class='ocrx_word' id='word_1_52' title='bbox 1135 1011 1210 1085; x_wconf 79' lang='lat' dir='ltr'>etc,</span> <span class='ocrx_word' id='word_1_53' title='bbox 1247 1006 1382 1070; x_wconf 88' lang='lat' dir='ltr'>innuens</span> 
     </span>
     <span class='ocr_line' id='line_1_8' title="bbox 233 1111 1383 1196; baseline -0.005 -15"><span class='ocrx_word' id='word_1_54' title='bbox 233 1117 316 1181; x_wconf 87' lang='lat' dir='ltr'>cives</span> <span class='ocrx_word' id='word_1_55' title='bbox 347 1137 413 1180; x_wconf 90' lang='lat' dir='ltr'>esse</span> <span class='ocrx_word' id='word_1_56' title='bbox 435 1113 566 1178; x_wconf 90' lang='lat' dir='ltr'>nobiles.</span> <span class='ocrx_word' id='word_1_57' title='bbox 613 1111 681 1178; x_wconf 88' lang='lat' dir='ltr'>Nec</span> <span class='ocrx_word' id='word_1_58' title='bbox 703 1112 833 1176; x_wconf 90' lang='lat' dir='ltr'>dubium</span> <span class='ocrx_word' id='word_1_59' title='bbox 868 1112 988 1190; x_wconf 89' lang='lat' dir='ltr'>babeo,</span> <span class='ocrx_word' id='word_1_60' title='bbox 1020 1113 1047 1178; x_wconf 90' lang='lat' dir='ltr'>si</span> <span class='ocrx_word' id='word_1_61' title='bbox 1077 1113 1168 1196; x_wconf 83' lang='lat' dir='ltr'>pap&#39;ae</span> <span class='ocrx_word' id='word_1_62' title='bbox 1198 1115 1383 1176; x_wconf 87' lang='lat' dir='ltr'>constarent</span> 
     </span>
     <span class='ocr_line' id='line_1_9' title="bbox 234 1215 1384 1309; baseline -0.004 -24"><span class='ocrx_word' id='word_1_63' title='bbox 234 1221 428 1306; x_wconf 74' lang='lat' dir='ltr'>genealogiae</span> <span class='ocrx_word' id='word_1_64' title='bbox 459 1223 490 1284; x_wconf 92' lang='lat' dir='ltr'>et</span> <span class='ocrx_word' id='word_1_65' title='bbox 523 1219 663 1303; x_wconf 85' lang='lat' dir='ltr'>origines</span> <span class='ocrx_word' id='word_1_66' title='bbox 695 1219 808 1282; x_wconf 87' lang='lat' dir='ltr'>civium</span> <span class='ocrx_word' id='word_1_67' title='bbox 840 1217 1048 1297; x_wconf 90' lang='lat' dir='ltr'>ulmensium,</span> <span class='ocrx_word' id='word_1_68' title='bbox 1080 1219 1189 1282; x_wconf 91' lang='lat' dir='ltr'>eodem</span> <span class='ocrx_word' id='word_1_69' title='bbox 1203 1215 1316 1309; x_wconf 31' lang='lat' dir='ltr'>&#39;titulo</span> <span class='ocrx_word' id='word_1_70' title='bbox 1339 1219 1384 1281; x_wconf 88' lang='lat' dir='ltr'>eis</span> 
     </span>
     <span class='ocr_line' id='line_1_10' title="bbox 234 1321 1383 1404; baseline -0.003 -14"><span class='ocrx_word' id='word_1_71' title='bbox 234 1325 395 1404; x_wconf 78' lang='lat' dir='ltr'>scriberet,</span> <span class='ocrx_word' id='word_1_72' title='bbox 418 1347 489 1388; x_wconf 91' lang='lat' dir='ltr'>cum</span> <span class='ocrx_word' id='word_1_73' title='bbox 512 1323 664 1387; x_wconf 86' lang='lat' dir='ltr'>nobilitas</span> <span class='ocrx_word' id='word_1_74' title='bbox 680 1321 783 1393; x_wconf 81' lang='lat' dir='ltr'>Italiae</span> <span class='ocrx_word' id='word_1_75' title='bbox 808 1321 950 1387; x_wconf 90' lang='lat' dir='ltr'>obscuris</span> <span class='ocrx_word' id='word_1_76' title='bbox 972 1327 1005 1387; x_wconf 93' lang='lat' dir='ltr'>et</span> <span class='ocrx_word' id='word_1_77' title='bbox 1021 1323 1208 1387; x_wconf 86' lang='lat' dir='ltr'>adulterinis</span> <span class='ocrx_word' id='word_1_78' title='bbox 1231 1322 1383 1386; x_wconf 89' lang='lat' dir='ltr'>commix-</span> 
     </span>
     <span class='ocr_line' id='line_1_11' title="bbox 236 1407 1386 1513; baseline -0.003 -19"><span class='ocrx_word' id='word_1_79' title='bbox 236 1431 378 1496; x_wconf 91' lang='lat' dir='ltr'>tionibus</span> <span class='ocrx_word' id='word_1_80' title='bbox 394 1431 509 1495; x_wconf 88' lang='lat' dir='ltr'>vitiata</span> <span class='ocrx_word' id='word_1_81' title='bbox 524 1430 576 1508; x_wconf 92' lang='lat' dir='ltr'>sit,</span> <span class='ocrx_word' id='word_1_82' title='bbox 597 1407 672 1513; x_wconf 90' lang='lat' dir='ltr'>quia</span> <span class='ocrx_word' id='word_1_83' title='bbox 688 1428 872 1512; x_wconf 89' lang='lat' dir='ltr'>frequenter</span> <span class='ocrx_word' id='word_1_84' title='bbox 888 1429 1033 1494; x_wconf 87' lang='lat' dir='ltr'>andimus</span> <span class='ocrx_word' id='word_1_85' title='bbox 1050 1428 1215 1493; x_wconf 88' lang='lat' dir='ltr'>bastardos</span> <span class='ocrx_word' id='word_1_86' title='bbox 1231 1426 1386 1492; x_wconf 87' lang='lat' dir='ltr'>Italorum</span> 
     </span>
     <span class='ocr_line' id='line_1_12' title="bbox 235 1532 1385 1622; baseline -0.004 -21"><span class='ocrx_word' id='word_1_87' title='bbox 235 1537 269 1601; x_wconf 94' lang='lat' dir='ltr'>in</span> <span class='ocrx_word' id='word_1_88' title='bbox 292 1536 504 1622; x_wconf 89' lang='lat' dir='ltr'>dignitatibus</span> <span class='ocrx_word' id='word_1_89' title='bbox 527 1534 652 1619; x_wconf 88' lang='lat' dir='ltr'>magnis</span> <span class='ocrx_word' id='word_1_90' title='bbox 676 1533 820 1618; x_wconf 90' lang='lat' dir='ltr'>patribus</span> <span class='ocrx_word' id='word_1_91' title='bbox 844 1535 1025 1614; x_wconf 85' lang='lat' dir='ltr'>succedere,</span> <span class='ocrx_word' id='word_1_92' title='bbox 1050 1535 1134 1619; x_wconf 91' lang='lat' dir='ltr'>quod</span> <span class='ocrx_word' id='word_1_93' title='bbox 1158 1533 1242 1618; x_wconf 90' lang='lat' dir='ltr'>apud</span> <span class='ocrx_word' id='word_1_94' title='bbox 1266 1532 1385 1599; x_wconf 83' lang='lat' dir='ltr'>Suevos</span> 
     </span>
     <span class='ocr_line' id='line_1_13' title="bbox 236 1633 1383 1724; baseline -0.003 -19"><span class='ocrx_word' id='word_1_95' title='bbox 236 1633 441 1706; x_wconf 87' lang='lat' dir='ltr'>nullomodo</span> <span class='ocrx_word' id='word_1_96' title='bbox 464 1640 660 1718; x_wconf 88' lang='lat' dir='ltr'>admittitur,</span> <span class='ocrx_word' id='word_1_97' title='bbox 693 1660 750 1702; x_wconf 87' lang='lat' dir='ltr'>nee</span> <span class='ocrx_word' id='word_1_98' title='bbox 773 1639 880 1723; x_wconf 90' lang='lat' dir='ltr'>aliqua</span> <span class='ocrx_word' id='word_1_99' title='bbox 903 1640 1096 1724; x_wconf 88' lang='lat' dir='ltr'>dispensatio</span> <span class='ocrx_word' id='word_1_100' title='bbox 1120 1644 1177 1706; x_wconf 87' lang='lat' dir='ltr'>aut</span> <span class='ocrx_word' id='word_1_101' title='bbox 1200 1639 1383 1705; x_wconf 86' lang='lat' dir='ltr'>habilitatio</span> 
     </span>
     <span class='ocr_line' id='line_1_14' title="bbox 236 1742 1384 1831; baseline -0.002 -21"><span class='ocrx_word' id='word_1_102' title='bbox 236 1747 275 1810; x_wconf 88' lang='lat' dir='ltr'>ad</span> <span class='ocrx_word' id='word_1_103' title='bbox 298 1747 359 1810; x_wconf 88' lang='lat' dir='ltr'>boe</span> <span class='ocrx_word' id='word_1_104' title='bbox 374 1745 492 1811; x_wconf 84' lang='lat' dir='ltr'>Suevos</span> <span class='ocrx_word' id='word_1_105' title='bbox 515 1746 662 1810; x_wconf 89' lang='lat' dir='ltr'>inducere</span> <span class='ocrx_word' id='word_1_106' title='bbox 677 1749 793 1828; x_wconf 88' lang='lat' dir='ltr'>posset,</span> <span class='ocrx_word' id='word_1_107' title='bbox 816 1749 852 1810; x_wconf 91' lang='lat' dir='ltr'>nt</span> <span class='ocrx_word' id='word_1_108' title='bbox 876 1745 1018 1831; x_wconf 88' lang='lat' dir='ltr'>regimen</span> <span class='ocrx_word' id='word_1_109' title='bbox 1042 1745 1185 1811; x_wconf 86' lang='lat' dir='ltr'>bastardi</span> <span class='ocrx_word' id='word_1_110' title='bbox 1207 1745 1305 1810; x_wconf 86' lang='lat' dir='ltr'>etiam</span> <span class='ocrx_word' id='word_1_111' title='bbox 1319 1742 1384 1808; x_wconf 84' lang='lat' dir='ltr'>lm·</span> 
     </span>
     <span class='ocr_line' id='line_1_15' title="bbox 237 1851 1383 1936; baseline -0.003 -20"><span class='ocrx_word' id='word_1_112' title='bbox 237 1851 392 1936; x_wconf 89' lang='lat' dir='ltr'>peratoris</span> <span class='ocrx_word' id='word_1_113' title='bbox 424 1851 626 1916; x_wconf 88' lang='lat' dir='ltr'>sustinerent.</span> <span class='ocrx_word' id='word_1_114' title='bbox 669 1851 760 1916; x_wconf 88' lang='lat' dir='ltr'>eredo</span> <span class='ocrx_word' id='word_1_115' title='bbox 790 1852 875 1916; x_wconf 89' lang='lat' dir='ltr'>enim</span> <span class='ocrx_word' id='word_1_116' title='bbox 905 1852 989 1936; x_wconf 90' lang='lat' dir='ltr'>qnod</span> <span class='ocrx_word' id='word_1_117' title='bbox 1016 1851 1186 1918; x_wconf 88' lang='lat' dir='ltr'>Ulmenses</span> <span class='ocrx_word' id='word_1_118' title='bbox 1216 1854 1383 1934; x_wconf 88' lang='lat' dir='ltr'>antequam</span> 
     </span>
     <span class='ocr_line' id='line_1_16' title="bbox 237 1957 1385 2042; baseline -0.003 -20"><span class='ocrx_word' id='word_1_119' title='bbox 237 1958 423 2022; x_wconf 86' lang='lat' dir='ltr'>bastardum</span> <span class='ocrx_word' id='word_1_120' title='bbox 446 1979 504 2040; x_wconf 92' lang='lat' dir='ltr'>pro</span> <span class='ocrx_word' id='word_1_121' title='bbox 528 1957 683 2042; x_wconf 83' lang='lat' dir='ltr'>magistro</span> <span class='ocrx_word' id='word_1_122' title='bbox 713 1957 829 2020; x_wconf 90' lang='lat' dir='ltr'>civium</span> <span class='ocrx_word' id='word_1_123' title='bbox 854 1957 1032 2040; x_wconf 87' lang='lat' dir='ltr'>acciperent</span> <span class='ocrx_word' id='word_1_124' title='bbox 1054 1958 1150 2023; x_wconf 90' lang='lat' dir='ltr'>etiem</span> <span class='ocrx_word' id='word_1_125' title='bbox 1173 1957 1385 2040; x_wconf 88' lang='lat' dir='ltr'>cuiuscunque</span> 
     </span>
     <span class='ocr_line' id='line_1_17' title="bbox 238 2061 1386 2148; baseline -0.002 -21"><span class='ocrx_word' id='word_1_126' title='bbox 238 2063 390 2148; x_wconf 88' lang='lat' dir='ltr'>principis</span> <span class='ocrx_word' id='word_1_127' title='bbox 406 2063 518 2142; x_wconf 91' lang='lat' dir='ltr'>filium,</span> <span class='ocrx_word' id='word_1_128' title='bbox 542 2061 624 2146; x_wconf 90' lang='lat' dir='ltr'>quod</span> <span class='ocrx_word' id='word_1_129' title='bbox 644 2062 749 2146; x_wconf 90' lang='lat' dir='ltr'>potius</span> <span class='ocrx_word' id='word_1_130' title='bbox 766 2063 827 2146; x_wconf 90' lang='lat' dir='ltr'>ipsi</span> <span class='ocrx_word' id='word_1_131' title='bbox 843 2064 1071 2147; x_wconf 87' lang='lat' dir='ltr'>rempublicam</span> <span class='ocrx_word' id='word_1_132' title='bbox 1087 2063 1251 2148; x_wconf 86' lang='lat' dir='ltr'>propriam</span> <span class='ocrx_word' id='word_1_133' title='bbox 1274 2061 1386 2126; x_wconf 91' lang='lat' dir='ltr'>dissol-</span> 
     </span>
     <span class='ocr_line' id='line_1_18' title="bbox 238 2166 1384 2254; baseline -0.003 -20"><span class='ocrx_word' id='word_1_134' title='bbox 238 2173 362 2249; x_wconf 88' lang='lat' dir='ltr'>verent,</span> <span class='ocrx_word' id='word_1_135' title='bbox 396 2169 470 2252; x_wconf 82' lang='lat' dir='ltr'>qnia</span> <span class='ocrx_word' id='word_1_136' title='bbox 493 2169 599 2232; x_wconf 89' lang='lat' dir='ltr'>sciunt</span> <span class='ocrx_word' id='word_1_137' title='bbox 621 2166 788 2232; x_wconf 86' lang='lat' dir='ltr'>Salomone</span> <span class='ocrx_word' id='word_1_138' title='bbox 811 2169 953 2247; x_wconf 86' lang='lat' dir='ltr'>docente,</span> <span class='ocrx_word' id='word_1_139' title='bbox 978 2171 1062 2254; x_wconf 91' lang='lat' dir='ltr'>quod</span> <span class='ocrx_word' id='word_1_140' title='bbox 1086 2169 1271 2233; x_wconf 77' lang='lat' dir='ltr'>adulterina</span> <span class='ocrx_word' id='word_1_141' title='bbox 1293 2167 1384 2252; x_wconf 93' lang='lat' dir='ltr'>plan-</span> 
     </span>
     <span class='ocr_line' id='line_1_19' title="bbox 238 2272 1384 2358; baseline -0.003 -20"><span class='ocrx_word' id='word_1_142' title='bbox 238 2275 374 2338; x_wconf 86' lang='lat' dir='ltr'>tationes</span> <span class='ocrx_word' id='word_1_143' title='bbox 405 2296 469 2338; x_wconf 93' lang='lat' dir='ltr'>non</span> <span class='ocrx_word' id='word_1_144' title='bbox 492 2273 614 2337; x_wconf 90' lang='lat' dir='ltr'>dabunt</span> <span class='ocrx_word' id='word_1_145' title='bbox 644 2272 725 2336; x_wconf 89' lang='lat' dir='ltr'>altas</span> <span class='ocrx_word' id='word_1_146' title='bbox 751 2274 880 2352; x_wconf 87' lang='lat' dir='ltr'>radices,</span> <span class='ocrx_word' id='word_1_147' title='bbox 897 2272 970 2358; x_wconf 85' lang='lat' dir='ltr'>Sap.</span> <span class='ocrx_word' id='word_1_148' title='bbox 995 2273 1053 2354; x_wconf 75' lang='lat'>4²,</span> <span class='ocrx_word' id='word_1_149' title='bbox 1077 2279 1109 2339; x_wconf 94' lang='lat' dir='ltr'>et</span> <span class='ocrx_word' id='word_1_150' title='bbox 1132 2273 1216 2358; x_wconf 91' lang='lat' dir='ltr'>qnod</span> <span class='ocrx_word' id='word_1_151' title='bbox 1244 2272 1384 2337; x_wconf 88' lang='lat' dir='ltr'>bastardi</span> 
     </span>
     <span class='ocr_line' id='line_1_20' title="bbox 243 2379 1387 2465; baseline -0.003 -22"><span class='ocrx_word' id='word_1_152' title='bbox 243 2379 378 2444; x_wconf 88' lang='lat' dir='ltr'>tendunt</span> <span class='ocrx_word' id='word_1_153' title='bbox 401 2380 441 2444; x_wconf 87' lang='lat' dir='ltr'>ad</span> <span class='ocrx_word' id='word_1_154' title='bbox 466 2379 711 2465; x_wconf 88' lang='lat' dir='ltr'>ignobilitatem.</span> <span class='ocrx_word' id='word_1_155' title='bbox 742 2400 799 2443; x_wconf 88' lang='lat' dir='ltr'>nec</span> <span class='ocrx_word' id='word_1_156' title='bbox 822 2383 948 2444; x_wconf 89' lang='lat' dir='ltr'>tantum</span> <span class='ocrx_word' id='word_1_157' title='bbox 975 2380 1140 2444; x_wconf 86' lang='lat' dir='ltr'>bastardos</span> <span class='ocrx_word' id='word_1_158' title='bbox 1163 2379 1387 2444; x_wconf 89' lang='lat' dir='ltr'>abominantur</span> 
     </span>
     <span class='ocr_line' id='line_1_21' title="bbox 239 2483 1385 2569; baseline -0.002 -21"><span class='ocrx_word' id='word_1_159' title='bbox 239 2483 356 2548; x_wconf 86' lang='lat' dir='ltr'>habere</span> <span class='ocrx_word' id='word_1_160' title='bbox 387 2484 571 2567; x_wconf 76' lang='lat' dir='ltr'>praefeotOS,</span> <span class='ocrx_word' id='word_1_161' title='bbox 604 2484 657 2548; x_wconf 89' lang='lat' dir='ltr'>sed</span> <span class='ocrx_word' id='word_1_162' title='bbox 687 2505 775 2567; x_wconf 84' lang='lat' dir='ltr'>aeqne</span> <span class='ocrx_word' id='word_1_163' title='bbox 805 2485 947 2568; x_wconf 89' lang='lat' dir='ltr'>graviter</span> <span class='ocrx_word' id='word_1_164' title='bbox 976 2488 1009 2550; x_wconf 90' lang='lat' dir='ltr'>et</span> <span class='ocrx_word' id='word_1_165' title='bbox 1043 2484 1250 2569; x_wconf 88' lang='lat' dir='ltr'>impatienter</span> <span class='ocrx_word' id='word_1_166' title='bbox 1279 2484 1385 2548; x_wconf 90' lang='lat' dir='ltr'>ferunt</span> 
     </span>
     <span class='ocr_line' id='line_1_22' title="bbox 240 2588 1386 2676; baseline 0.001 -24"><span class='ocrx_word' id='word_1_167' title='bbox 240 2589 455 2652; x_wconf 88' lang='lat' dir='ltr'>adulterorum</span> <span class='ocrx_word' id='word_1_168' title='bbox 471 2589 655 2653; x_wconf 89' lang='lat' dir='ltr'>dominium.</span> <span class='ocrx_word' id='word_1_169' title='bbox 702 2588 776 2654; x_wconf 90' lang='lat' dir='ltr'>ldeo</span> <span class='ocrx_word' id='word_1_170' title='bbox 798 2612 869 2654; x_wconf 92' lang='lat' dir='ltr'>cum</span> <span class='ocrx_word' id='word_1_171' title='bbox 891 2613 975 2674; x_wconf 89' lang='lat' dir='ltr'>papa</span> <span class='ocrx_word' id='word_1_172' title='bbox 990 2592 1159 2676; x_wconf 76' lang='lat' dir='ltr'>pradictus</span> <span class='ocrx_word' id='word_1_173' title='bbox 1175 2591 1287 2655; x_wconf 90' lang='lat' dir='ltr'>scribit</span> <span class='ocrx_word' id='word_1_174' title='bbox 1302 2588 1386 2654; x_wconf 91' lang='lat' dir='ltr'>Nea·</span> 
     </span>
     <span class='ocr_line' id='line_1_23' title="bbox 201 2693 1385 2781; baseline 0.003 -25"><span class='ocrx_word' id='word_1_175' title='bbox 201 2711 210 2725; x_wconf 93' lang='lat'><strong>·</strong></span> <span class='ocrx_word' id='word_1_176' title='bbox 240 2693 400 2778; x_wconf 89' lang='lat' dir='ltr'>politanos</span> <span class='ocrx_word' id='word_1_177' title='bbox 424 2716 491 2758; x_wconf 88' lang='lat' dir='ltr'>esse</span> <span class='ocrx_word' id='word_1_178' title='bbox 506 2695 589 2758; x_wconf 88' lang='lat' dir='ltr'>cives</span> <span class='ocrx_word' id='word_1_179' title='bbox 611 2694 745 2774; x_wconf 85' lang='lat' dir='ltr'>nobiles,</span> <span class='ocrx_word' id='word_1_180' title='bbox 769 2695 916 2781; x_wconf 86' lang='lat' dir='ltr'>designat</span> <span class='ocrx_word' id='word_1_181' title='bbox 932 2697 1028 2761; x_wconf 85' lang='lat' dir='ltr'>etiam</span> <span class='ocrx_word' id='word_1_182' title='bbox 1053 2699 1135 2762; x_wconf 85' lang='lat' dir='ltr'>cives</span> <span class='ocrx_word' id='word_1_183' title='bbox 1151 2697 1287 2761; x_wconf 88' lang='lat' dir='ltr'>aliarum</span> <span class='ocrx_word' id='word_1_184' title='bbox 1310 2695 1385 2760; x_wconf 84' lang='lat' dir='ltr'>civi·</span> 
     </span>
     <span class='ocr_line' id='line_1_24' title="bbox 241 2797 1386 2886; baseline 0.001 -23"><span class='ocrx_word' id='word_1_185' title='bbox 241 2803 345 2863; x_wconf 88' lang='lat' dir='ltr'>tatum</span> <span class='ocrx_word' id='word_1_186' title='bbox 360 2797 555 2864; x_wconf 84' lang='lat' dir='ltr'>famosarum</span> <span class='ocrx_word' id='word_1_187' title='bbox 578 2821 646 2864; x_wconf 90' lang='lat' dir='ltr'>esse</span> <span class='ocrx_word' id='word_1_188' title='bbox 661 2800 793 2864; x_wconf 89' lang='lat' dir='ltr'>nobiles.</span> <span class='ocrx_word' id='word_1_189' title='bbox 840 2799 1054 2886; x_wconf 85' lang='lat' dir='ltr'>Singulariter</span> <span class='ocrx_word' id='word_1_190' title='bbox 1070 2807 1176 2867; x_wconf 89' lang='lat' dir='ltr'>tamen</span> <span class='ocrx_word' id='word_1_191' title='bbox 1200 2801 1249 2865; x_wconf 93' lang='lat' dir='ltr'>illi</span> <span class='ocrx_word' id='word_1_192' title='bbox 1265 2800 1386 2866; x_wconf 89' lang='lat' dir='ltr'>nobiles</span> 
     </span>
     <span class='ocr_line' id='line_1_25' title="bbox 240 2905 1386 2990; baseline 0.001 -21"><span class='ocrx_word' id='word_1_193' title='bbox 240 2905 323 2969; x_wconf 88' lang='lat' dir='ltr'>cives</span> <span class='ocrx_word' id='word_1_194' title='bbox 355 2905 618 2989; x_wconf 90' lang='lat' dir='ltr'>comprobantur,</span> <span class='ocrx_word' id='word_1_195' title='bbox 651 2905 706 2989; x_wconf 91' lang='lat' dir='ltr'>qui</span> <span class='ocrx_word' id='word_1_196' title='bbox 728 2928 785 2988; x_wconf 90' lang='lat' dir='ltr'>per</span> <span class='ocrx_word' id='word_1_197' title='bbox 815 2907 933 2990; x_wconf 85' lang='lat' dir='ltr'>gradus</span> <span class='ocrx_word' id='word_1_198' title='bbox 963 2929 1036 2971; x_wconf 90' lang='lat' dir='ltr'>snos</span> <span class='ocrx_word' id='word_1_199' title='bbox 1066 2909 1112 2971; x_wconf 91' lang='lat' dir='ltr'>ita</span> <span class='ocrx_word' id='word_1_200' title='bbox 1135 2907 1236 2971; x_wconf 89' lang='lat' dir='ltr'>altum</span> <span class='ocrx_word' id='word_1_201' title='bbox 1259 2906 1386 2972; x_wconf 90' lang='lat' dir='ltr'>initium</span> 
     </span>
     <span class='ocr_line' id='line_1_26' title="bbox 241 3008 1387 3095; baseline 0.001 -20"><span class='ocrx_word' id='word_1_202' title='bbox 241 3013 454 3095; x_wconf 87' lang='lat' dir='ltr'>sumpserunt,</span> <span class='ocrx_word' id='word_1_203' title='bbox 478 3013 514 3072; x_wconf 90' lang='lat' dir='ltr'>ut</span> <span class='ocrx_word' id='word_1_204' title='bbox 529 3009 562 3072; x_wconf 93' lang='lat' dir='ltr'>in</span> <span class='ocrx_word' id='word_1_205' title='bbox 579 3008 745 3074; x_wconf 88' lang='lat' dir='ltr'>hominum</span> <span class='ocrx_word' id='word_1_206' title='bbox 758 3012 911 3076; x_wconf 87' lang='lat' dir='ltr'>memoria</span> <span class='ocrx_word' id='word_1_207' title='bbox 926 3035 991 3076; x_wconf 92' lang='lat' dir='ltr'>non</span> <span class='ocrx_word' id='word_1_208' title='bbox 1007 3013 1131 3092; x_wconf 81' lang='lat' dir='ltr'>existat,</span> <span class='ocrx_word' id='word_1_209' title='bbox 1156 3017 1189 3076; x_wconf 91' lang='lat' dir='ltr'>et</span> <span class='ocrx_word' id='word_1_210' title='bbox 1204 3012 1291 3076; x_wconf 89' lang='lat' dir='ltr'>ultra</span> <span class='ocrx_word' id='word_1_211' title='bbox 1305 3033 1387 3076; x_wconf 89' lang='lat' dir='ltr'>nuno</span> 
     </span>
     <span class='ocr_line' id='line_1_27' title="bbox 241 3117 1387 3205; baseline 0.002 -25"><span class='ocrx_word' id='word_1_212' title='bbox 241 3117 417 3180; x_wconf 85' lang='lat' dir='ltr'>viventium</span> <span class='ocrx_word' id='word_1_213' title='bbox 432 3117 581 3180; x_wconf 89' lang='lat' dir='ltr'>notitiam</span> <span class='ocrx_word' id='word_1_214' title='bbox 596 3138 629 3180; x_wconf 91' lang='lat' dir='ltr'>se</span> <span class='ocrx_word' id='word_1_215' title='bbox 645 3117 794 3181; x_wconf 83' lang='lat' dir='ltr'>extendat</span> <span class='ocrx_word' id='word_1_216' title='bbox 810 3118 877 3182; x_wconf 88' lang='lat' dir='ltr'>sine</span> <span class='ocrx_word' id='word_1_217' title='bbox 893 3122 969 3182; x_wconf 91' lang='lat' dir='ltr'>nota</span> <span class='ocrx_word' id='word_1_218' title='bbox 985 3119 1248 3205; x_wconf 85' lang='lat' dir='ltr'>degenerationis.</span> <span class='ocrx_word' id='word_1_219' title='bbox 1296 3117 1387 3184; x_wconf 85' lang='lat' dir='ltr'>Unde</span> 
     </span>
     <span class='ocr_line' id='line_1_28' title="bbox 241 3221 1388 3305; baseline 0.001 -20"><span class='ocrx_word' id='word_1_220' title='bbox 241 3221 410 3286; x_wconf 82' lang='lat' dir='ltr'>Cassianus</span> <span class='ocrx_word' id='word_1_221' title='bbox 442 3221 476 3284; x_wconf 94' lang='lat' dir='ltr'>in</span> <span class='ocrx_word' id='word_1_222' title='bbox 500 3221 634 3305; x_wconf 86' lang='lat' dir='ltr'>quadarn</span> <span class='ocrx_word' id='word_1_223' title='bbox 670 3221 821 3305; x_wconf 87' lang='lat' dir='ltr'>epistola:</span> <span class='ocrx_word' id='word_1_224' title='bbox 856 3222 1025 3288; x_wconf 88' lang='lat' dir='ltr'>laudabilis</span> <span class='ocrx_word' id='word_1_225' title='bbox 1058 3246 1138 3288; x_wconf 82' lang='lat' dir='ltr'>vena</span> <span class='ocrx_word' id='word_1_226' title='bbox 1169 3245 1261 3288; x_wconf 88' lang='lat' dir='ltr'>suam</span> <span class='ocrx_word' id='word_1_227' title='bbox 1284 3227 1388 3288; x_wconf 83' lang='lat' dir='ltr'>servat</span> 
     </span>
     <span class='ocr_line' id='line_1_29' title="bbox 242 3325 1389 3414; baseline 0.003 -24"><span class='ocrx_word' id='word_1_228' title='bbox 242 3326 408 3412; x_wconf 86' lang='lat' dir='ltr'>originem.</span> <span class='ocrx_word' id='word_1_229' title='bbox 455 3325 590 3410; x_wconf 87' lang='lat' dir='ltr'>Propter</span> <span class='ocrx_word' id='word_1_230' title='bbox 605 3327 689 3392; x_wconf 89' lang='lat' dir='ltr'>hanc</span> <span class='ocrx_word' id='word_1_231' title='bbox 704 3328 906 3393; x_wconf 90' lang='lat' dir='ltr'>nobilitatem</span> <span class='ocrx_word' id='word_1_232' title='bbox 922 3331 1129 3394; x_wconf 89' lang='lat' dir='ltr'>nominantur</span> <span class='ocrx_word' id='word_1_233' title='bbox 1144 3329 1230 3395; x_wconf 91' lang='lat' dir='ltr'>cives</span> <span class='ocrx_word' id='word_1_234' title='bbox 1247 3329 1389 3414; x_wconf 88' lang='lat' dir='ltr'>generosi</span> 
     </span>
     <span class='ocr_line' id='line_1_30' title="bbox 242 3433 1388 3520; baseline 0.002 -24"><span class='ocrx_word' id='word_1_235' title='bbox 242 3433 377 3497; x_wconf 88' lang='lat' dir='ltr'>maiores</span> <span class='ocrx_word' id='word_1_236' title='bbox 408 3436 487 3496; x_wconf 88' lang='lat' dir='ltr'>natu</span> <span class='ocrx_word' id='word_1_237' title='bbox 510 3435 542 3496; x_wconf 90' lang='lat' dir='ltr'>et</span> <span class='ocrx_word' id='word_1_238' title='bbox 565 3433 684 3496; x_wconf 89' lang='lat' dir='ltr'>domini</span> <span class='ocrx_word' id='word_1_239' title='bbox 708 3433 746 3498; x_wconf 91' lang='lat' dir='ltr'>de</span> <span class='ocrx_word' id='word_1_240' title='bbox 776 3436 982 3520; x_wconf 80' lang='lat' dir='ltr'>genealogiis.</span> <span class='ocrx_word' id='word_1_241' title='bbox 1030 3435 1177 3519; x_wconf 89' lang='lat' dir='ltr'>Proque</span> <span class='ocrx_word' id='word_1_242' title='bbox 1201 3439 1309 3500; x_wconf 89' lang='lat' dir='ltr'>tamen</span> <span class='ocrx_word' id='word_1_243' title='bbox 1333 3457 1388 3498; x_wconf 91' lang='lat' dir='ltr'>no·</span> 
     </span>
     <span class='ocr_line' id='line_1_31' title="bbox 243 3538 1389 3623; baseline 0.002 -21"><span class='ocrx_word' id='word_1_244' title='bbox 243 3538 375 3602; x_wconf 90' lang='lat' dir='ltr'>tandum</span> <span class='ocrx_word' id='word_1_245' title='bbox 408 3543 455 3602; x_wconf 89' lang='lat' dir='ltr'>est</span> <span class='ocrx_word' id='word_1_246' title='bbox 486 3538 570 3622; x_wconf 90' lang='lat' dir='ltr'>qnod</span> <span class='ocrx_word' id='word_1_247' title='bbox 599 3539 633 3602; x_wconf 91' lang='lat' dir='ltr'>in</span> <span class='ocrx_word' id='word_1_248' title='bbox 663 3539 781 3623; x_wconf 89' lang='lat' dir='ltr'>duplici</span> <span class='ocrx_word' id='word_1_249' title='bbox 813 3541 992 3606; x_wconf 87' lang='lat' dir='ltr'>differentia</span> <span class='ocrx_word' id='word_1_250' title='bbox 1023 3541 1231 3606; x_wconf 87' lang='lat' dir='ltr'>inveniuntur</span> <span class='ocrx_word' id='word_1_251' title='bbox 1259 3541 1389 3618; x_wconf 91' lang='lat' dir='ltr'>nobiles,</span> 
     </span>
     <span class='ocr_line' id='line_1_32' title="bbox 243 3643 1390 3730; baseline 0.002 -24"><span class='ocrx_word' id='word_1_252' title='bbox 243 3643 371 3728; x_wconf 89' lang='lat' dir='ltr'>quidam</span> <span class='ocrx_word' id='word_1_253' title='bbox 389 3643 533 3723; x_wconf 89' lang='lat' dir='ltr'>maiores,</span> <span class='ocrx_word' id='word_1_254' title='bbox 550 3644 605 3708; x_wconf 90' lang='lat' dir='ltr'>alii</span> <span class='ocrx_word' id='word_1_255' title='bbox 620 3644 770 3709; x_wconf 90' lang='lat' dir='ltr'>dicuntur</span> <span class='ocrx_word' id='word_1_256' title='bbox 787 3647 933 3710; x_wconf 90' lang='lat' dir='ltr'>minores.</span> <span class='ocrx_word' id='word_1_257' title='bbox 973 3645 1110 3710; x_wconf 89' lang='lat' dir='ltr'>Maiores</span> <span class='ocrx_word' id='word_1_258' title='bbox 1126 3651 1202 3710; x_wconf 90' lang='lat' dir='ltr'>sunt</span> <span class='ocrx_word' id='word_1_259' title='bbox 1217 3645 1272 3730; x_wconf 94' lang='lat' dir='ltr'>qui</span> <span class='ocrx_word' id='word_1_260' title='bbox 1290 3667 1390 3730; x_wconf 91' lang='lat' dir='ltr'>quon·</span> 
     </span>
     <span class='ocr_line' id='line_1_33' title="bbox 243 3748 1392 3833; baseline -0.001 -20"><span class='ocrx_word' id='word_1_261' title='bbox 243 3751 316 3814; x_wconf 90' lang='lat' dir='ltr'>dam</span> <span class='ocrx_word' id='word_1_262' title='bbox 339 3772 358 3814; x_wconf 91' lang='lat' dir='ltr'>a</span> <span class='ocrx_word' id='word_1_263' title='bbox 381 3748 503 3814; x_wconf 84' lang='lat' dir='ltr'>Graecia</span> <span class='ocrx_word' id='word_1_264' title='bbox 532 3771 604 3813; x_wconf 89' lang='lat' dir='ltr'>enm</span> <span class='ocrx_word' id='word_1_265' title='bbox 637 3749 783 3814; x_wconf 85' lang='lat' dir='ltr'>Troianis</span> <span class='ocrx_word' id='word_1_266' title='bbox 816 3751 849 3814; x_wconf 93' lang='lat' dir='ltr'>in</span> <span class='ocrx_word' id='word_1_267' title='bbox 872 3749 1001 3815; x_wconf 87' lang='lat' dir='ltr'>ltaliam</span> <span class='ocrx_word' id='word_1_268' title='bbox 1035 3755 1067 3814; x_wconf 90' lang='lat' dir='ltr'>et</span> <span class='ocrx_word' id='word_1_269' title='bbox 1089 3752 1123 3815; x_wconf 91' lang='lat' dir='ltr'>in</span> <span class='ocrx_word' id='word_1_270' title='bbox 1146 3750 1224 3815; x_wconf 88' lang='lat' dir='ltr'>alias</span> <span class='ocrx_word' id='word_1_271' title='bbox 1248 3751 1392 3833; x_wconf 84' lang='lat' dir='ltr'>regiones</span> 
     </span>
    </p>
   </div>
   <div class='ocr_carea' id='block_1_3' title="bbox 243 3853 1391 4004">
    <p class='ocr_par' dir='ltr' id='par_1_3' title="bbox 243 3853 1391 4004">
     <span class='ocr_line' id='line_1_34' title="bbox 243 3853 1391 3940; baseline -0.002 -20"><span class='ocrx_word' id='word_1_272' title='bbox 243 3859 395 3921; x_wconf 84' lang='lat' dir='ltr'>venerant</span> <span class='ocrx_word' id='word_1_273' title='bbox 418 3859 491 3920; x_wconf 90' lang='lat' dir='ltr'>eta</span> <span class='ocrx_word' id='word_1_274' title='bbox 514 3854 616 3920; x_wconf 87' lang='lat' dir='ltr'>Roma</span> <span class='ocrx_word' id='word_1_275' title='bbox 639 3855 764 3920; x_wconf 89' lang='lat' dir='ltr'>demum</span> <span class='ocrx_word' id='word_1_276' title='bbox 787 3879 844 3940; x_wconf 93' lang='lat' dir='ltr'>per</span> <span class='ocrx_word' id='word_1_277' title='bbox 866 3855 1021 3920; x_wconf 90' lang='lat' dir='ltr'>Karolum</span> <span class='ocrx_word' id='word_1_278' title='bbox 1052 3855 1157 3920; x_wconf 88' lang='lat' dir='ltr'>educti</span> <span class='ocrx_word' id='word_1_279' title='bbox 1187 3855 1221 3919; x_wconf 93' lang='lat' dir='ltr'>in</span> <span class='ocrx_word' id='word_1_280' title='bbox 1245 3853 1391 3920; x_wconf 83' lang='lat' dir='ltr'>Sueviam</span> 
     </span>
     <span class='ocr_line' id='line_1_35' title="bbox 808 3965 826 4004; baseline 0 0"><span class='ocrx_word' id='word_1_281' title='bbox 808 3965 826 4004; x_wconf 63' lang='lat' dir='ltr'>’lt</span> 
     </span>
    </p>
   </div>
   <div class='ocr_carea' id='block_1_4' title="bbox 244 4035 1394 4469">
    <p class='ocr_par' dir='ltr' id='par_1_4' title="bbox 244 4035 1394 4469">
     <span class='ocr_line' id='line_1_36' title="bbox 262 4035 1392 4116; baseline -0.004 -14"><span class='ocrx_word' id='word_1_282' title='bbox 262 4035 271 4052; x_wconf 81' lang='grc'><em>’</em></span> <span class='ocrx_word' id='word_1_283' title='bbox 316 4047 417 4102; x_wconf 88' lang='lat' dir='ltr'>lHier</span> <span class='ocrx_word' id='word_1_284' title='bbox 434 4045 496 4099; x_wconf 91' lang='lat' dir='ltr'>sind</span> <span class='ocrx_word' id='word_1_285' title='bbox 516 4046 647 4116; x_wconf 86' lang='lat' dir='ltr'>folgende</span> <span class='ocrx_word' id='word_1_286' title='bbox 666 4047 866 4116; x_wconf 79' lang='lat' dir='ltr'>ablriirzungen</span> <span class='ocrx_word' id='word_1_287' title='bbox 890 4045 1104 4115; x_wconf 85' lang='lat' dir='ltr'>eingeschoben:</span> <span class='ocrx_word' id='word_1_288' title='bbox 1134 4045 1265 4100; x_wconf 87' lang='lat' dir='ltr'>videlicet</span> <span class='ocrx_word' id='word_1_289' title='bbox 1293 4047 1327 4101; x_wconf 82' lang='lat'>39</span> <span class='ocrx_word' id='word_1_290' title='bbox 1345 4044 1392 4099; x_wconf 89' lang='lat' dir='ltr'>di</span> 
     </span>
     <span class='ocr_line' id='line_1_37' title="bbox 244 4131 1394 4205; baseline -0.005 -13"><span class='ocrx_word' id='word_1_291' title='bbox 244 4139 343 4192; x_wconf 90' lang='lat' dir='ltr'>Petrus</span> <span class='ocrx_word' id='word_1_292' title='bbox 361 4136 434 4191; x_wconf 89' lang='lat' dir='ltr'>Mon.</span> <span class='ocrx_word' id='word_1_293' title='bbox 473 4136 507 4190; x_wconf 81' lang='lat'>39</span> <span class='ocrx_word' id='word_1_294' title='bbox 532 4135 597 4190; x_wconf 89' lang='lat' dir='ltr'>diet.</span> <span class='ocrx_word' id='word_1_295' title='bbox 622 4153 643 4190; x_wconf 89' lang='lat' dir='ltr'>c.</span> <span class='ocrx_word' id='word_1_296' title='bbox 667 4137 763 4205; x_wconf 85' lang='lat' dir='ltr'>petrus</span> <span class='ocrx_word' id='word_1_297' title='bbox 782 4135 868 4190; x_wconf 91' lang='lat' dir='ltr'>Wibl.</span> <span class='ocrx_word' id='word_1_298' title='bbox 905 4135 1037 4190; x_wconf 87' lang='lat' dir='ltr'>videlieet</span> <span class='ocrx_word' id='word_1_299' title='bbox 1054 4136 1087 4189; x_wconf 84' lang='lat'>31</span> <span class='ocrx_word' id='word_1_300' title='bbox 1114 4133 1143 4187; x_wconf 93' lang='lat' dir='ltr'>di</span> <span class='ocrx_word' id='word_1_301' title='bbox 1166 4133 1266 4187; x_wconf 88' lang='lat' dir='ltr'>Petrus</span> <span class='ocrx_word' id='word_1_302' title='bbox 1293 4131 1394 4187; x_wconf 86' lang='lat' dir='ltr'>Sebad.</span> 
     </span>
     <span class='ocr_line' id='line_1_38' title="bbox 245 4220 1392 4290; baseline -0.007 -10"><span class='ocrx_word' id='word_1_303' title='bbox 245 4226 288 4280; x_wconf 88' lang='lat' dir='ltr'>Kl.</span> <span class='ocrx_word' id='word_1_304' title='bbox 325 4226 357 4279; x_wconf 89' lang='lat'>31</span> <span class='ocrx_word' id='word_1_305' title='bbox 378 4223 442 4278; x_wconf 90' lang='lat' dir='ltr'>dist.</span> <span class='ocrx_word' id='word_1_306' title='bbox 461 4240 484 4278; x_wconf 72' lang='lat' dir='ltr'>e.</span> <span class='ocrx_word' id='word_1_307' title='bbox 503 4222 602 4278; x_wconf 86' lang='lat' dir='ltr'>Petrus</span> <span class='ocrx_word' id='word_1_308' title='bbox 621 4221 741 4278; x_wconf 87' lang='lat' dir='ltr'>Schmid.</span> <span class='ocrx_word' id='word_1_309' title='bbox 780 4241 833 4277; x_wconf 89' lang='lat' dir='ltr'>nur</span> <span class='ocrx_word' id='word_1_310' title='bbox 852 4225 904 4277; x_wconf 79' lang='lat' dir='ltr'>etc</span> <span class='ocrx_word' id='word_1_311' title='bbox 924 4222 1016 4277; x_wconf 88' lang='lat' dir='ltr'>haben</span> <span class='ocrx_word' id='word_1_312' title='bbox 1035 4221 1103 4276; x_wconf 85' lang='lat' dir='ltr'>Golr.</span> <span class='ocrx_word' id='word_1_313' title='bbox 1125 4221 1198 4276; x_wconf 88' lang='lat' dir='ltr'>Bess.</span> <span class='ocrx_word' id='word_1_314' title='bbox 1254 4220 1392 4290; x_wconf 58' lang='lat' dir='ltr'>Napi</span> 
     </span>
     <span class='ocr_line' id='line_1_39' title="bbox 245 4306 1392 4381; baseline -0.008 -11"><span class='ocrx_word' id='word_1_315' title='bbox 245 4315 317 4372; x_wconf 85' lang='lat' dir='ltr'>fehlt</span> <span class='ocrx_word' id='word_1_316' title='bbox 335 4313 381 4368; x_wconf 91' lang='lat' dir='ltr'>bei</span> <span class='ocrx_word' id='word_1_317' title='bbox 399 4311 498 4366; x_wconf 89' lang='lat' dir='ltr'>Sebad.</span> <span class='ocrx_word' id='word_1_318' title='bbox 517 4309 638 4365; x_wconf 85' lang='lat' dir='ltr'>Schmid.</span> <span class='ocrx_word' id='word_1_319' title='bbox 657 4311 700 4368; x_wconf 78' lang='lat' dir='ltr'>lll.</span> <span class='ocrx_word' id='word_1_320' title='bbox 738 4312 886 4367; x_wconf 85' lang='lat' dir='ltr'>Salomone</span> <span class='ocrx_word' id='word_1_321' title='bbox 904 4311 1020 4368; x_wconf 86' lang='lat' dir='ltr'>docente</span> <span class='ocrx_word' id='word_1_322' title='bbox 1038 4307 1103 4381; x_wconf 82' lang='lat' dir='ltr'>Sap.</span> <span class='ocrx_word' id='word_1_323' title='bbox 1122 4311 1138 4364; x_wconf 87' lang='lat'><strong>3</strong></span> <span class='ocrx_word' id='word_1_324' title='bbox 1153 4308 1204 4364; x_wconf 91' lang='lat' dir='ltr'>bat</span> <span class='ocrx_word' id='word_1_325' title='bbox 1218 4307 1305 4364; x_wconf 89' lang='lat' dir='ltr'>Wibl.</span> <span class='ocrx_word' id='word_1_326' title='bbox 1341 4306 1392 4362; x_wconf 88' lang='lat' dir='ltr'>Die</span> 
     </span>
     <span class='ocr_line' id='line_1_40' title="bbox 245 4399 551 4469; baseline -0.013 -11"><span class='ocrx_word' id='word_1_327' title='bbox 245 4403 325 4459; x_wconf 85' lang='lat' dir='ltr'>stelle</span> <span class='ocrx_word' id='word_1_328' title='bbox 344 4401 382 4455; x_wconf 89' lang='lat' dir='ltr'>ist</span> <span class='ocrx_word' id='word_1_329' title='bbox 400 4399 464 4469; x_wconf 85' lang='lat' dir='ltr'>Sap.</span> <span class='ocrx_word' id='word_1_330' title='bbox 483 4401 507 4464; x_wconf 84' lang='lat'>4,</span> <span class='ocrx_word' id='word_1_331' title='bbox 526 4400 551 4454; x_wconf 86' lang='lat'>3.</span> 
     </span>
    </p>
   </div>
   <div class='ocr_carea' id='block_1_5' title="bbox 0 0 1558 4938">
    <p class='ocr_par' dir='ltr' id='par_1_5' title="bbox 0 0 1558 4938">
     <span class='ocr_line' id='line_1_41' title="bbox 0 0 1558 4938; baseline 0 0"><span class='ocrx_word' id='word_1_332' title='bbox 0 0 1558 4938; x_wconf 95' lang='lat' dir='ltr'> </span> 
     </span>
    </p>
   </div>
  </div>
 </body>
</html>
