3072 4936
688 344 750 410 133

228 517 386 584 Domibus
409 519 507 584 etiam
538 518 760 602 religiosorum
787 522 819 581 et
850 517 988 582 ecelesiis
1018 517 1222 601 provisores¹
1262 523 1295 585 et

138 628 263 688 tutores
286 624 324 689 de
346 623 528 688 oonsulibus
552 622 678 700 dantur,
701 643 780 706 quos
804 625 910 686 tamen
934 643 998 685 non
1021 624 1215 702 consulatus,
1239 625 1294 688 sed

138 729 202 813 ipsi
224 729 366 812 religiosi
389 729 529 814 eligunt,
560 730 674 793 electos
698 727 876 791 consulatui
904 727 1071 791 nominant
1102 733 1134 792 et
1155 729 1216 792 sibi
1241 751 1293 794 eos

43 905 46 912 ¹
140 836 173 898 in
198 839 320 898 tutores
336 835 404 898 dari
421 837 594 918 postulant.
641 832 693 898 Sic
709 833 930 916 praedicatores
946 832 1026 896 duos
1040 833 1171 914 babent,
1195 857 1292 898 unum

141 940 181 1004 de
202 940 421 1023 optimatibus
445 942 543 1005 alium
567 939 750 1018 annibalem,
774 939 812 1003 de
834 938 1027 1004 consulibua.

231 1045 369 1129 Eligant
391 1046 486 1109 etiam
510 1045 635 1130 aliquos
660 1046 715 1129 qui
731 1048 822 1108 extra
836 1045 999 1110 civitatem
1013 1045 1145 1128 praesint
1160 1043 1295 1129 oppidis,

141 1149 237 1228 villis,
261 1150 384 1229 castris,
408 1152 462 1234 qui
485 1151 634 1215 dicuntur
657 1149 802 1214 advocati
826 1149 1000 1234 burgorum
1015 1148 1038 1214 ².

230 1255 274 1319 m
303 1259 419 1340 praeter
448 1257 517 1320 haee
547 1254 623 1320 sunt
645 1256 738 1340 plura
768 1255 970 1319 honorabilia
1000 1259 1032 1318 et
1061 1255 1155 1320 utilia
1186 1253 1295 1318 officia

141 1359 175 1423 in
199 1359 328 1424 civitate
358 1365 390 1424 et
417 1365 525 1439 extra,
557 1365 593 1424 ut
624 1359 765 1443 praefeoti
797 1381 949 1443 operum,
982 1360 1108 1444 ignium
1137 1359 1294 1444 magistri,

140 1466 372 1530 examinatores
396 1466 633 1529 vasoanicarum
658 1465 707 1528 vel
731 1464 950 1547 inspectores³
976 1469 1008 1528 et
1031 1465 1133 1529 multa
1155 1465 1243 1529 talia.

229 1567 318 1633 Inter
332 1569 389 1634 illa
404 1572 511 1634 omnia
526 1575 601 1634 sunt
616 1569 725 1654 aliqua
735 1569 852 1648 officia,
876 1591 948 1653 quae
965 1591 1021 1653 per
1036 1592 1155 1634 annum
1168 1571 1295 1649 durant,

141 1673 251 1758 aliqua
273 1674 423 1758 quamdiu
456 1676 527 1758 quis
552 1676 632 1740 bene
654 1674 795 1758 expedit,
829 1674 937 1758 aliqua
969 1675 1169 1758 frequenter,
1204 1675 1295 1759 quasi

142 1780 229 1844 omni
253 1802 360 1845 mense
382 1781 577 1845 alterantur:
603 1785 638 1844 ut
661 1784 737 1844 sunt
759 1779 900 1843 unitores
915 1779 947 1857 ⁴,
978 1802 1114 1864 quorum
1135 1781 1198 1844 duo
1220 1784 1296 1844 sunt

142 1885 181 1950 de
204 1907 334 1969 corpore
357 1890 494 1966 senatus,
518 1887 557 1950 ad
582 1908 660 1970 quos
683 1885 860 1970 singulares
891 1883 1056 1950 hominum
1088 1884 1209 1970 trigae5
1241 1887 1296 1950 de-

144 1991 317 2056 volvuntur
340 1995 372 2055 et
394 2014 484 2056 casus
507 1991 624 2055 occulti
646 1993 678 2054 et
700 1993 827 2073 turpes,
857 1991 1045 2075 quandoque
1075 1991 1159 2055 inter
1190 1991 1294 2054 virum

143 2101 176 2161 et
199 2117 338 2160 uxorem.
367 2100 399 2160 et
428 2097 519 2161 valde
549 2096 636 2160 varia
665 2095 714 2158 illi
738 2095 890 2176 audiunt,
921 2099 954 2160 et
985 2118 1084 2179 parva
1114 2097 1294 2180 expediunt,

143 2223 263 2286 magna
286 2205 393 2266 autem
416 2225 487 2286 qum
509 2199 682 2266 notabilem
706 2198 865 2264 defectum
886 2200 1007 2266 babent
1022 2201 1201 2266 consulatui
1218 2201 1296 2265 offe-

144 2310 221 2370 runt
235 2304 260 2369 ⁶.
305 2305 353 2370 De
375 2307 462 2370 omni
478 2310 584 2370 autem
600 2306 710 2370 ordine
725 2305 863 2370 civitatis
879 2304 1040 2370 Ulmensis
1056 2307 1082 2370 si
1099 2307 1170 2390 quis
1193 2306 1297 2370 dicere

145 2411 233 2490 velit,
258 2410 404 2476 volumen
428 2413 548 2498 grande
571 2416 768 2496 comportare
791 2433 916 2476 necesse
938 2418 1028 2478 esset.

664 2741 732 2813 Gap.
755 2743 778 2796 1.

453 2883 511 2947 De
548 2881 760 2968 singulis
798 2881 991 2947 zunftis.

234 3076 340 3153 Quum
361 3077 463 3142 maior
486 3100 560 3161 pars
582 3077 722 3142 civitatis
752 3078 905 3142 ulmensis
929 3081 961 3142 et
988 3077 1225 3141 communitatis
1257 3077 1300 3142 sit

145 3185 185 3250 de
207 3205 339 3250 numero
361 3182 572 3262 zunftalium‚
602 3184 636 3247 in
667 3183 783 3268 quibus
814 3183 912 3247 etiam
935 3182 1089 3246 fundatur
1110 3181 1299 3264 respublica,

145 3291 219 3354 ideo
241 3289 294 3354 hio
316 3311 432 3373 ponam
455 3311 621 3353 numerum
644 3288 828 3352 sunitarum
854 3309 926 3351 cum
941 3287 1125 3354 diversitate
1141 3286 1299 3351 artificum

145 3396 181 3460 iu
204 3395 271 3480 eis„
306 3394 425 3459 Dicunt
440 3398 547 3458 autem
562 3393 687 3478 antiqui
704 3391 881 3472 Ulmenses,
905 3391 987 3476 quod
1004 3391 1081 3456 olim
1097 3413 1161 3455 non
1178 3390 1301 3455 fuerint

145 3499 276 3580 nauita,
299 3499 353 3576 sed
376 3521 432 3583 per
454 3496 610 3562 Karolum
634 3503 785 3582 quartum
808 3497 873 3561 sint
888 3495 1044 3561 instituta
1061 3496 1101 3560 ad
1119 3495 1300 3580 reipublicae

224 3715 473 3786 lKlosterpfleger
502 3715 570 3772 Golr.
599 3733 645 3770 am
674 3713 769 3770 rande.
816 3713 928 3768 Klbster
955 3711 1062 3783 Pfleger
1090 3711 1164 3768 Bess.
1191 3712 1300 3769 obsnso.

146 3803 261 3873 avogi
282 3802 309 3858 d.
330 3802 531 3858 HerrsehaFten
559 3802 628 3859 Golr.
664 3801 740 3872 Vogt
768 3803 817 3857 der
841 3799 1006 3855 Herrsehalt
1033 3800 1104 3855 Boas.
1133 3818 1180 3854 am
1203 3800 1301 3856 rande.

150 3895 167 3949 3
183 3891 351 3947 Bawherren
363 3891 429 3947 oder
441 3890 670 3946 Werkhmeiater.
707 3889 970 3958 Fenrgesehworne.
1010 3887 1139 3943 Barabet·
1152 3888 1208 3942 vnd
1222 3887 1303 3942 Lein-

148 3979 333 4034 watsohawer
345 3977 418 4033 Besa.
437 3981 466 4032 et
480 3976 549 4034 eon.
563 3995 610 4032 am
622 3976 720 4032 rande.
757 3975 963 4031 veseanieorum
982 3973 1050 4031 Gon.
1066 3973 1166 4030 Sohad.
1179 3974 1302 4030 Schmid.

149 4069 237 4123 Wibl.
259 4067 301 4122 Kl.
322 4067 393 4122 Boas.
432 4067 638 4122 vestanioarum
657 4064 742 4122 Woll.
762 4067 836 4120 Mon.
855 4066 880 4120 2.
953 4066 971 4119 4
994 4064 1140 4134 Ainunger
1167 4081 1193 4118 v.
1216 4079 1303 4131 supra

148 4155 220 4214 Gok.
240 4172 287 4210 am
307 4154 403 4210 rande.
476 4154 667 4224 5singulares
686 4153 830 4209 hominum
850 4153 937 4222 briga
957 4153 1030 4208 Mon.
1043 4153 1069 4208 2.
1088 4152 1172 4208 Woll.
1210 4150 1303 4220 singu·

149 4245 226 4300 lares
243 4243 388 4299 hominum
407 4243 490 4313 trigae
517 4241 586 4298 Gok.
612 4241 686 4298 Besa.
722 4241 879 4312 singulares
902 4241 991 4311 birgae
1009 4238 1110 4294 Sohad.
1147 4236 1303 4307 singulares

148 4333 249 4402 burgis
276 4329 320 4384 Kl.
357 4329 515 4399 singulares
538 4347 629 4385 oansoe
654 4328 775 4385 Schmid.
809 4327 896 4386 Wibl.
921 4329 970 4383 lth.
1015 4326 1074 4382 Soll
1101 4325 1174 4381 wohl
1201 4321 1304 4378 heissen

148 4420 237 4475 trieae.
309 4419 326 4472 6
345 4417 382 4473 ad
400 4419 530 4472 senatum
549 4419 674 4473 referunt
692 4416 815 4472 Schmid.
834 4417 920 4474 Wibl.

203 4523 330 4566 'rmum
344 4523 374 4565 da
387 4524 486 4566 mutato
500 4525 612 4568 alnensi.
1075 4521 1092 4575 9
