3034 4922
775 365 839 439 256

391 545 458 614 Hec
480 554 529 616 est
550 547 607 614 illa
629 545 733 613 Maria
756 571 817 634 quo
839 549 1002 616 demonem
1024 546 1198 632 prostravit

313 675 365 712 ⁷⁶2⁶
393 654 465 720 Suis
487 656 520 720 in
543 653 716 719 virtutibus
739 660 770 720 et
792 654 973 718 humiliavit

389 747 491 826 Derim
514 762 687 825 creatorem
709 781 812 837 suum,
836 758 920 842 quod
943 763 991 822 est
1012 757 1108 822 bomo
1130 758 1232 822 factus

253 917 255 922 .
387 845 433 928 Et
455 866 574 929 intrare
596 885 688 927 suum
711 866 759 926 est
781 865 907 926 uterum
929 865 1064 927 coacbrs.

389 967 474 1034 Nam
496 969 596 1054 ipsius
618 972 744 1032 uterum
767 968 843 1033 deus
865 967 1011 1033 introivit

389 1074 434 1138 Et
456 1075 496 1139 ab
519 1098 555 1140 ea
577 1096 703 1138 sumens
726 1095 852 1138 carnem
874 1074 990 1139 iterum
1012 1074 1119 1154 exivit,

312 1198 363 1235 τωο
390 1177 465 1264 Ipsa
488 1184 594 1246 tamen
616 1180 742 1264 virgine
764 1201 886 1264 semper
908 1185 1111 1264 permanente

393 1285 479 1350 Ante
501 1289 628 1369 partum
651 1289 683 1350 et
704 1285 739 1349 in
762 1289 855 1368 partu
877 1289 1034 1370 partuque
1055 1286 1206 1351 finiente(

392 1391 436 1455 Et
458 1392 542 1456 bunc
565 1413 657 1456 suum
679 1389 781 1454 filium
804 1390 896 1454 deum
919 1390 977 1455 bec
998 1391 1129 1455 lactarit

393 1495 536 1583 Virginis
559 1495 709 1560 uberibus
733 1497 765 1559 et
788 1495 890 1577 ipsum
914 1495 1059 1560 educant

394 1601 517 1666 Novem
539 1601 630 1664 annis
653 1604 685 1664 et
707 1599 824 1684 viginti
846 1622 998 1665 manuum
1021 1599 1138 1678 labore,

316 1725 367 1761 nso
395 1704 430 1768 In
454 1726 571 1790 magna
594 1703 748 1788 patientia
769 1705 925 1789 cordoque
946 1727 1077 1770 merore.

395 1809 461 1874 Hec
483 1831 558 1874 nem
580 1809 787 1874 emulationes
808 1808 926 1874 multas
949 1832 968 1874 a
990 1808 1100 1874 Judeis

395 1915 456 1978 Est
478 1936 570 1997 passa
593 1917 722 1997 propter
744 1913 847 1978 filium
869 1919 902 1979 et
923 1937 943 1978 e
966 1913 1133 1979 Phariseis.

395 2019 514 2084 Temen
537 2023 605 2084 erat
626 2019 750 2103 patiens
773 2019 806 2082 in
829 2019 975 2084 omnibus
998 2019 1136 2084 adversis

395 2124 443 2189 Ac
466 2125 727 2189 tribulationibus
749 2124 859 2188 multis
881 2129 914 2188 et
935 2124 1075 2188 diversis.

316 2250 368 2288 ruo
395 2229 439 2293 Et
461 2251 516 2313 per
539 2229 724 2312 patientiam
747 2231 875 2292 cunctos
898 2229 1058 2312 superavit

396 2333 473 2397 Eius
496 2333 690 2397 adversarios
714 2337 746 2396 et
768 2333 913 2398 demones
937 2333 1079 2399 calcavit.

395 2437 473 2502 Eia!
498 2459 573 2522 ergo
596 2437 687 2522 virgo
710 2437 797 2516 felix,
820 2443 853 2502 et
875 2437 1009 2503 nimium
1030 2437 1134 2517 beata,

395 2542 587 2606 Hominibus
610 2546 642 2604 et
664 2542 786 2626 angelis
809 2543 931 2606 cunctis
954 2543 1110 2622 affectata,
1165 2575 1169 2586 ·
1274 2567 1277 2575 ⁴

396 2647 538 2710 Ascende
560 2667 631 2708 cum
654 2645 767 2724 letitia,
790 2667 874 2710 nuno
896 2652 933 2711 ut
955 2647 1123 2712 consoleris

318 2771 369 2807 ⁷⁶4⁶
397 2751 440 2814 Et
462 2773 533 2816 eum
556 2748 634 2814 Jesu
656 2749 723 2814 filio
746 2753 802 2814 tuo
824 2751 1040 2817 iocunderislc

471 3068 592 3141 Maria
620 3069 820 3163 suscipitur
848 3076 1002 3182 aserto
1030 3071 1153 3143 choro,

398 3278 482 3343 Hinc
505 3279 544 3342 ad
568 3277 701 3342 chorum
722 3277 921 3372 Angelorum
948 3278 1106 3343 »Throni«
1132 3283 1186 3364 qui
1209 3283 1365 3343 vocantur

398 3383 495 3448 Venit
518 3383 567 3447 dei
590 3383 731 3467 genitrix
753 3387 785 3447 et
807 3385 1085 3470 congregabantur

398 3489 449 3552 Ex
471 3489 528 3552 illo
551 3487 648 3551 choro
671 3488 801 3572 spiritus
824 3489 858 3552 in
881 3489 1014 3574 virginis
1037 3511 1209 3568 occursum,
1228 3566 1233 3576 Ι

400 3593 479 3658 Cum
502 3593 630 3676 hymnis
654 3597 749 3676 atque
771 3594 902 3657 canticis
924 3595 1073 3658 ducentes
1096 3616 1165 3658 eam
1186 3615 1323 3658 sursum.

321 3717 372 3754 uso
399 3698 629 3762 decantantes
652 3699 773 3762 dabant
795 3699 823 3762 ei
846 3699 972 3764 laudem
994 3705 1026 3764 et
1049 3700 1209 3778 honorem,

359 3874 362 3885 Ι
400 3803 611 3886 Triumphum
634 3807 730 3887 atque
752 3803 898 3888 gloriam,
921 3806 1072 3869 virtutem
1095 3809 1128 3869 ct
1148 3805 1303 3882 decorem,

400 3907 566 3970 Dicentes:
593 3905 702 3972 edre!
727 3908 866 3992 genitrix
889 3910 991 3996 nostri
1013 3909 1172 3987 creatoris,

400 4011 479 4090 Ave,
498 4015 603 4077 'mater
624 4011 683 4076 filii
707 4013 766 4092 dei,
788 4015 900 4078 mundi
922 4015 1138 4098 redemptoris,

400 4117 479 4196 Ave,
503 4118 595 4203 virgo
618 4117 789 4203 virginum,
812 4107 993 4184 dulcissima
1016 4119 1128 4198 Maria,

324 4241 375 4278 ⁷0⁵⁵
401 4221 471 4286 Ave
494 4223 747 4302 clementissima,
773 4225 947 4290 misericors
971 4231 1003 4288 et
1025 4226 1095 4308 pia!
1162 4265 1166 4270 -

402 4327 452 4391 Tu
475 4349 549 4392 nam
571 4329 787 4395 desiderabilis
810 4334 842 4395 et
864 4329 1044 4409 affectuosa,

401 4432 568 4514 amabilis,
592 4433 770 4498 tractabilis
793 4441 825 4499 et
847 4435 1104 4520 nimisgratiosa
