3034 4922
800 329 861 400 192

407 509 467 576 Sed
491 509 603 576 Petrus
625 511 697 595 plus
720 509 770 574 his
793 509 939 574 omnibus
963 507 1127 593 plangens,
1155 505 1233 572 flens
1256 507 1397 593 lugebat,

407 616 451 681 ut
473 639 545 681 cum
568 616 677 680 multis
699 613 838 680 lacrimis
861 613 900 678 ad
923 612 1085 676 domiuum
1108 611 1249 678 dicebat:

329 739 381 778 οπο
406 719 463 800 Va,
487 743 524 786 ve
545 721 636 800 mihi,
658 720 785 786 domine
807 720 861 800 mi,
890 718 990 784 dulcis
1012 722 1045 783 et
1066 718 1189 797 dilecte,

407 823 455 891 Ve
477 827 515 890 de
537 829 593 890 tua
615 826 760 910 passione
784 819 893 889 mortis
916 827 984 888 tam
1006 823 1167 908 despecte!

406 929 434 995 Ο
456 931 527 1016 quis
548 929 628 994 mihi
650 929 797 994 lacrimas
819 929 942 993 tribuat
964 931 1001 993 ut
1023 927 1098 994 flere

405 1035 542 1100 Mortem
565 1035 627 1100 mei
649 1034 769 1100 domini
790 1033 908 1118 possim
931 1037 964 1099 et
984 1033 1117 1118 lugere?

407 1137 463 1219 Ve,
486 1162 524 1204 ve
547 1139 627 1204 mihi
648 1139 775 1218 misero,
798 1139 956 1224 quomodo
979 1139 1093 1225 reliqui

329 1261 380 1298 ⁵⁷⁴⁶
408 1241 518 1308 Solum
539 1267 645 1310 meum
666 1245 829 1309 dominum
851 1245 885 1308 in
906 1244 1054 1308 manibus
1076 1243 1178 1329 iniqui

408 1347 522 1432 Populi
545 1347 696 1415 Judsici?
720 1371 775 1414 our
798 1370 863 1412 non
886 1370 936 1414 me
958 1348 1118 1433 captivum

406 1450 483 1517 Cum
508 1454 577 1537 ipso
600 1454 698 1518 dedi?
722 1455 794 1538 quis
816 1476 867 1518 me
889 1453 986 1518 timor
1008 1452 1084 1518 fecit
1108 1453 1308 1540 fugItivum?

406 1556 479 1623 Heu
499 1581 550 1624 me
570 1560 750 1624 miserimol
773 1581 829 1624 cur
851 1557 946 1624 fidem
968 1557 1093 1638 violavi,

407 1661 471 1728 Gur
493 1663 577 1728 dulci
598 1685 668 1728 meo
690 1665 818 1730 domino
840 1667 969 1748 pactum
991 1685 1055 1728 non
1080 1664 1225 1743 servavi?

329 1787 380 1824 eree
406 1767 444 1832 In
467 1791 524 1834 sua
546 1770 746 1836 neccessitate
769 1769 903 1834 articulo
925 1769 1049 1854 negavi,

408 1874 555 1940 Amicum
578 1879 674 1960 atque
696 1875 858 1940 dominum
881 1895 945 1940 non
968 1895 1059 1939 nosse
1080 1896 1131 1938 me
1153 1871 1266 1952 iuravi,

406 1978 485 2043 Cum
508 1983 613 2044 tamen
636 1980 835 2064 promiserim
854 2001 905 2044 me
927 2001 1033 2044 secum
1056 1978 1135 2044 velle
1157 1976 1239 2042 mori

405 2083 450 2147 Et
471 2106 529 2168 pro
551 2106 588 2149 eo
611 2084 723 2149 vellem
745 2084 856 2148 mortis
877 2105 927 2148 me
949 2083 1082 2149 subdere
1105 2083 1226 2148 dolori!

405 2187 466 2254 Pre
487 2190 608 2254 cunctis
629 2189 850 2273 condiscipulis
872 2211 923 2254 me
944 2189 1048 2254 solum
1070 2189 1269 2267 extollebam‚

327 2311 379 2351 ⁶⁷⁶⁶
405 2293 491 2359 Nom
513 2300 753 2378 presumptuose
775 2294 869 2358 nimis
892 2294 1058 2378 adipsum
1081 2293 1141 2360 hoc
1163 2293 1328 2358 dicebam:

411 2399 542 2464 »Etsi
566 2419 673 2463 omnes
695 2399 815 2463 scierint
837 2399 869 2463 in
894 2403 926 2464 te
949 2399 1162 2478 scandalizati,

405 2503 477 2590 Ego
500 2525 563 2567 non
585 2503 831 2584 scandalizabor,
853 2526 911 2587 pro
934 2513 965 2568 te
989 2503 1060 2569 volo
1083 2504 1212 2588 petil«

409 2605 489 2671 Ecce
510 2607 678 2670 temeraria
699 2607 793 2672 modo
815 2629 885 2672 mea
907 2611 995 2693 patet

407 2711 616 2796 Presumptio‚
639 2712 771 2796 perfidia
792 2735 863 2777 mea
885 2712 950 2776 iam
972 2735 1035 2778 non
1058 2713 1146 2794 latet,

329 2836 381 2874 ereo
408 2817 490 2894 Quia
511 2819 627 2901 pendet
649 2840 754 2884 coram
778 2841 827 2884 mc
849 2823 950 2884 morte
973 2819 1209 2898 condemnatus,

407 2921 468 2988 Sed
491 2921 625 2987 infidelis
648 2945 707 3008 ego
730 2946 800 2988 sum
822 2924 862 2988 ab
885 2924 954 3008 ipso
976 2907 1200 3010 sequestratus.

406 3024 464 3106 Vc,
489 3050 526 3092 ve
548 3027 627 3092 mihi
649 3027 774 3108 misem,
797 3050 854 3093 cur
876 3029 1054 3112 apostatari

405 3134 434 3195 A
457 3131 535 3197 Jesu
558 3131 694 3210 Christo,
717 3133 775 3196 deo
797 3155 884 3212 meo;
908 3155 963 3198 cur
985 3135 1079 3200 miser
1102 3134 1187 3200 hunc
1209 3135 1349 3222 negavi?

406 3235 520 3301 Melius
542 3238 609 3320 ipse
631 3238 721 3301 novit
743 3259 793 3302 me
817 3249 912 3322 quam
936 3243 1061 3324 egomet
1085 3262 1133 3305 me
1157 3261 1294 3320 nossem,

327 3359 379 3396 ⁶⁷⁶⁵
407 3339 478 3425 lpse
500 3341 592 3405 scivit
615 3341 726 3406 melius
750 3363 845 3427 quam
869 3347 994 3426 egomet
1017 3343 1093 3429 quid
1115 3366 1253 3428 possem;

406 3445 490 3511 Nem
514 3447 652 3531 predixit
674 3448 757 3532 quod
781 3470 852 3513 eum
876 3448 976 3514 forem
998 3453 1182 3536 negaturus,

404 3549 450 3614 Et
472 3552 556 3636 quod
578 3553 618 3616 ab
642 3573 679 3616 eo
701 3550 828 3638 fugiens
852 3553 936 3618 huuc
958 3577 1057 3619 essem
1080 3555 1256 3620 relicturus.

406 3653 464 3734 Vc,
488 3678 525 3721 ve
548 3657 637 3735 mihi,
661 3658 745 3741 quod
765 3659 805 3722 ed
827 3679 936 3724 vocem
958 3659 1029 3724 vilis
1052 3659 1194 3725 mulieris

406 3757 531 3844 Negavi
553 3785 659 3828 meum
681 3763 845 3828 domiuum
868 3765 971 3829 verbis
993 3764 1176 3830 insincerisl

325 3882 379 3920 erro
407 3861 463 3944 Ve,
488 3868 572 3950 quod
595 3891 651 3952 per
675 3868 833 3951 pontificis
857 3869 1042 3936 vilissimum
1066 3871 1248 3936 ministrum

406 3968 533 4056 Negare
556 3995 660 4038 meum
684 3973 770 4038 volui
792 3975 989 4040 carissimum
1010 3977 1216 4062 magistrum!

407 4073 464 4155 Vc,
488 4077 573 4142 cordi
598 4100 667 4144 meo
688 4079 814 4160 misero,
838 4079 909 4164 quia
933 4103 982 4145 me
1005 4081 1174 4146 fescinavit

406 4178 533 4264 Negare
554 4205 659 4248 meum
682 4184 855 4264 dominum,
879 4185 934 4270 qui
958 4186 1053 4250 verbo
1076 4207 1127 4252 me
1148 4186 1290 4251 creavit?

406 4285 521 4350 Infelix
544 4309 599 4350 cur
622 4310 685 4353 non
708 4289 779 4353 dedi
801 4313 852 4354 me
874 4312 946 4355 cum
968 4291 1037 4376 ipso
1059 4290 1224 4376 captivari,

326 4405 379 4446 ⁶⁷⁷⁶
405 4387 452 4456 Ut
474 4391 513 4454 ab
537 4389 596 4455 hac
619 4393 686 4458 vita
708 4393 822 4460 misera
845 4417 916 4462 cum
938 4419 974 4462 eo
998 4397 1126 4468 liberari
