3072 4936
698 353 740 419 95

145 529 238 594 valde
260 529 380 595 doctus.
426 529 521 594 Alius
536 528 702 594 Ludwieus
718 528 872 612 magister
887 525 1015 607 artium,
1040 527 1149 594 doctor
1173 527 1295 610 iurista,

144 633 290 700 officialis
306 634 445 700 ecclesiae
462 633 715 700 constantiensis
731 639 763 700 ct
778 637 889 718 postea
898 633 1034 698 vicarius
1047 633 1172 701 ibidem.
1204 635 1297 700 Alius

144 738 293 806 Matheus
315 741 469 824 magister
492 741 610 806 artium
633 739 745 804 doctor
769 739 934 823 utriusque
958 737 1156 822 praepositus
1179 739 1297 804 Thuri·

143 845 244 910 censis
267 849 300 912 et
321 845 475 930 plebanus
504 843 665 910 ulmensis.
711 841 806 910 Alius
832 841 945 908 Petrus
966 843 1120 928 magister
1141 849 1173 909 et
1188 845 1298 910 doctor

143 950 252 1036 legum
279 955 311 1016 et
341 951 578 1033 protonotarius
608 949 769 1014 ulmensis.
824 949 890 1014 Alii
919 949 1035 1014 fratres
1065 949 1193 1016 illorum
1217 951 1297 1016 Am-

144 1055 279 1136 brosius,
304 1054 565 1134 Bartholomaeus,
589 1055 753 1120 dohannes
777 1061 809 1120 et
832 1055 928 1120 ceteri
949 1055 1010 1120 viri
1025 1056 1112 1120 docti
1127 1059 1159 1122 et
1175 1058 1297 1141 experti

145 1159 285 1226 fuerunt.
332 1161 379 1226 De
402 1161 452 1226 his
475 1161 629 1227 iratribus
653 1161 744 1226 electi
769 1159 901 1226 fuerunt
923 1160 985 1224 duo
1007 1161 1040 1224 in
1056 1160 1189 1226 concilio
1207 1161 1297 1226 Basi-

144 1265 242 1330 leensi
265 1267 383 1331 iudices
407 1271 495 1332 rotae
513 1265 534 1346 ¹,
556 1267 596 1332 ad
612 1288 749 1352 quorum
766 1265 935 1330 arbitrium
951 1264 1170 1350 dependebant
1185 1287 1298 1331 causae

144 1371 244 1437 totius
266 1373 411 1438 ecclesie.
458 1373 592 1458 lnsuper
619 1371 679 1437 hac
701 1375 813 1436 nostra
843 1375 1032 1455 tempestate
1055 1393 1093 1436 ex
1115 1395 1152 1438 ea
1174 1372 1298 1438 familia

144 1477 242 1542 habet
258 1475 355 1543 Ulma
373 1479 528 1548 ,eximium
546 1478 744 1564 magistrum,
769 1477 935 1562 utriusque
949 1478 1028 1542 iuris
1045 1477 1216 1558 doctorem,
1240 1477 1297 1542 do·

146 1581 268 1646 minum
283 1581 472 1648 Heinricum
496 1581 641 1662 Nithart,
658 1583 874 1667 praepositum
890 1583 1026 1648 ecclesiae
1046 1583 1297 1648 Constantiensis

145 1692 177 1751 et
199 1687 369 1772 plebanum
392 1690 425 1754 in
449 1688 564 1768 Ulmo,
599 1694 631 1754 et
655 1688 791 1753 fratrem
815 1688 882 1752 eius
904 1687 1087 1754 Ludwicum
1118 1689 1221 1754 virum
1245 1688 1296 1752 in-

145 1791 303 1858 dustrium
325 1817 345 1859 a
366 1794 601 1860 commentariis
624 1793 936 1872 constantiensium,
969 1799 1001 1859 et
1029 1799 1158 1878 nepotes
1188 1817 1296 1860 eorum

145 1897 311 1964 Matheum
334 1901 494 1964 doctorem
511 1899 629 1984 legum,
649 1897 848 1984 Gregorium,
873 1899 1070 1977 Heinricum,
1095 1897 1318 1984 leronymum'

145 2003 230 2068 viros
254 2004 369 2070 litteris
392 2005 582 2090 aptissimos.
629 2004 736 2070 Habet
752 2006 852 2070 etiam
867 2004 962 2070 hodie
978 2003 1075 2071 Ulma
1090 2005 1296 2090 magnificum

146 2109 250 2174 virum
266 2132 305 2176 ex
320 2112 428 2178 eadem
444 2112 552 2196 stirpe,
576 2112 739 2176 dominum
754 2110 936 2178 iohannem
956 2109 1101 2189 Nithart,
1123 2108 1297 2176 secularem

148 2216 277 2302 quidem
301 2219 333 2280 et
355 2216 422 2282 sine
444 2217 546 2302 gradu
570 2216 722 2284 scholaris
745 2217 942 2296 eminentia,
966 2215 1020 2280 sed
1043 2215 1221 2280 litteratum
1245 2213 1296 2278 hi-

146 2317 425 2404 storiographum,
456 2324 619 2385 oratorum
642 2323 675 2384 et
696 2325 862 2404 poetarum
885 2320 1048 2386 volumina
1072 2319 1296 2403 revolventem,

146 2423 290 2490 bucolica
318 2430 350 2489 et
381 2426 568 2506 comoedias,
602 2423 732 2510 Virgilii
756 2425 896 2492 Aeneida
913 2425 943 2504 ²,
972 2425 1096 2492 Senecae
1126 2424 1296 2510 tragedias,

147 2527 255 2594 Ovidii
279 2529 547 2614 metamorphoses
563 2535 729 2614 ceteraque
746 2528 862 2595 acuta⁸
886 2531 1061 2616 legentcm3
1084 2529 1171 2594 hunc
1193 2532 1297 2594 virum

148 2635 287 2698 vidimus
309 2640 472 2722 regentem
496 2637 719 2722 magistratum
735 2637 885 2716 civitatis,
908 2638 1042 2702 iudicem
1064 2641 1095 2702 et
1110 2634 1298 2721 praefectum

145 2741 376 2821 comitatuum,
406 2743 622 2808 consiliarium
653 2747 685 2807 et
706 2747 894 2808 senatorem.
940 2741 1062 2808 Praeter
1092 2742 1160 2807 haec
1191 2745 1297 2806 autem

146 2846 207 2912 hoc
230 2845 394 2932 singulare
427 2847 525 2912 hebet
553 2847 608 2912 ille
641 2849 725 2932 quod
756 2849 796 2913 ab
827 2849 958 2914 humero
990 2855 1022 2914 et
1048 2871 1145 2932 snpra
1172 2847 1298 2912 videtur

146 2952 270 3018 eunetis
303 2953 429 3037 populis
458 2953 614 3032 eminere,
643 2952 725 3018 sicut
756 2955 875 3037 legitur
906 2955 944 3019 de
974 2952 1069 3019 Saule
1093 2955 1109 3016 1
1135 2951 1213 3036 Reg.
1239 2950 1297 3030 3⁴,

147 3061 335 3142 personatus
359 3057 443 3122 enim
467 3063 515 3122 est
538 3062 571 3121 et
593 3058 731 3122 decentis
754 3059 880 3138 formae,
914 3059 1051 3143 prudens
1079 3062 1111 3122 et
1133 3056 1297 3135 facundus,

146 3163 263 3228 liberos
287 3161 385 3228 habet
408 3164 573 3249 utriusque
596 3184 697 3242 sexus,
722 3164 760 3228 de
784 3163 900 3248 quibus
923 3185 1025 3228 mares
1048 3163 1112 3226 iam
1135 3161 1298 3226 indoctos

146 3275 179 3334 et
194 3272 342 3352 expertos
358 3269 441 3333 viros
457 3271 588 3334 evadere
600 3270 807 3348 contendunt,
831 3269 971 3334 naturali
991 3269 1129 3353 quodam
1144 3267 1297 3332 instinctu

147 3375 188 3440 ad
210 3375 277 3439 alta
300 3396 333 3438 se
355 3372 559 3440 extollentes:
586 3375 712 3439 videtur
734 3375 831 3440 etiarn
856 3375 930 3439 huic
946 3373 1075 3438 familiae
1093 3373 1194 3438 inesse
1209 3393 1298 3436 amor

147 3481 326 3544 litterarum
351 3503 389 3544 ex
412 3480 551 3544 traduce.
598 3478 710 3545 Studio
733 3479 863 3544 illorum
879 3477 1137 3544 Nithartensium
1153 3499 1296 3562 compor-

146 3588 217 3652 tata
240 3589 288 3649 est
310 3587 450 3669 pretiosa
472 3584 629 3650 libraria⁶
652 3585 727 3664 illa,
758 3607 829 3669 quae
852 3585 889 3648 ad
914 3583 998 3648 latus
1022 3584 1186 3648 sinistrum
1209 3581 1298 3646 chori

145 3695 195 3758 est
217 3690 355 3756 ecclesiae
371 3691 472 3756 beatae
489 3690 623 3776 virginis
639 3691 672 3754 in
689 3689 796 3756 Ulma.
843 3689 887 3754 Et
902 3693 1029 3756 tantum
1045 3689 1083 3754 de
1098 3687 1163 3754 illis
1179 3689 1299 3755 dictum

146 3795 296 3862 sufficiat.

715 3975 732 4015 *

222 4083 236 4138 1
255 4085 441 4148 rota,·ruota,
464 4083 502 4138 ist
519 4083 565 4138 dia
583 4083 661 4138 curia
679 4081 820 4140 Pontificis
839 4099 981 4153 suprema,
1008 4081 1058 4138 der
1075 4082 1233 4154 ptpstliche
1251 4099 1299 4152 ge·

153 4169 299 4228 richtshol'.
351 4169 571 4228 sanctaenon.
586 4172 610 4225 2.
650 4170 784 4226 Aeneidos
797 4169 881 4226 Wibl.
916 4169 1053 4228 Aeneidos
1065 4169 1127 4226 Sch.
1146 4171 1190 4225 Kl.
1209 4169 1298 4225 Schm.

149 4257 198 4312 1111.
219 4256 288 4314 Gok.
307 4257 381 4313 Besa.
470 4257 542 4314 aso
567 4259 659 4314 haben
688 4258 754 4314 alle.
842 4257 928 4314 41110
946 4259 1028 4314 stelle
1045 4259 1083 4313 iat
1104 4263 1116 4316 l
1136 4259 1209 4314 Sam.
1229 4261 1254 4323 9,
1273 4259 1298 4316 2.

150 4345 256 4402 58000.
276 4343 400 4400 schreibt
418 4361 465 4399 am
483 4346 585 4402 rande:
610 4346 790 4404 Bibliotheca
817 4346 901 4418 huius
924 4347 1061 4406 fundatur
1084 4353 1127 4404 est
1146 4345 1298 4413 Heinricus,

149 4433 257 4505 primns
275 4432 412 4506 plebanus
430 4433 460 4490 in
477 4451 528 4490 sua
546 4434 659 4491 familia
677 4435 777 4492 ulma.
