2996 4924
713 367 822 456 ,rs

224 728 328 814 Quod
353 731 456 824 virgo
476 731 594 806 Maria
622 731 851 810 annuntiate
879 731 953 804 fuit
980 731 1094 802 matri
1123 685 1188 806 sue
1214 754 1281 825 per
1308 755 1380 804 an-

604 855 730 948 gelum
758 853 999 948 Raphaelsm.

379 1079 418 1145 In
441 1080 585 1148 oratione
606 1103 665 1146 sus
687 1103 760 1146 eum
782 1085 999 1164 perseveraret

381 1187 477 1252 Anna
499 1185 564 1250 suis
587 1182 732 1270 precibus
756 1189 788 1254 et
810 1186 903 1252 deum
925 1185 1122 1270 imploraret,

380 1290 433 1356 Au
452 1292 554 1375 ipsam
578 1291 665 1356 venit
687 1291 820 1374 angelus
842 1289 987 1375 Raphael
1010 1295 1151 1356 venatus.

316 1414 354 1450 2⁰0
382 1398 411 1460 A
434 1395 579 1480 supernis
602 1395 727 1461 sedibus
750 1417 806 1479 per
829 1395 922 1460 deum
944 1395 1131 1473 destinatus,

296 1569 299 1578 ,
348 1505 350 1512 ’
380 1501 441 1576 Qui
463 1501 588 1566 dicebat
610 1501 650 1564 ad
673 1522 759 1569 eam:
786 1501 874 1566 »Ave
897 1505 933 1568 tu
956 1499 1050 1566 beatu

381 1607 497 1671 Mulier
519 1629 538 1670 a
560 1607 619 1672 deo
641 1610 732 1690 patre
754 1605 893 1671 aelorum
915 1606 1072 1670 salutata!

384 1711 528 1795 Amplius
550 1711 584 1776 iu
606 1712 700 1781 eorde
722 1715 778 1776 tuo
800 1710 881 1776 nihil
904 1711 1111 1788 uentristeria
1137 1739 1139 1744 ·

383 1815 444 1884 Sed
465 1837 595 1900 sperans
618 1815 651 1880 in
674 1816 802 1882 domiuo
825 1815 904 1884 bene
926 1815 1114 1893 consuluerim

317 1939 355 1977 2⁹⁶
384 1920 468 1986 Nam
491 1926 563 1988 tuas
586 1921 744 1986 orationes
767 1921 843 1989 daus
866 1919 1029 1986 exaudivit

382 2027 425 2090 Et
447 2031 519 2092 tues
542 2027 707 2112 augustias
729 2030 859 2096 cunetas
881 2027 1068 2110 consopivit.

381 2132 463 2196 Eece
485 2139 521 2196 tu
544 2132 700 2216 concipies
723 2137 755 2198 et
776 2133 880 2216 paries
902 2130 1060 2198 infantem

382 2239 410 2302 A
433 2237 501 2302 viro
524 2241 591 2314 tuo,
613 2259 688 2302 nam
710 2238 787 2304 deus
809 2240 841 2302 ts
862 2235 959 2302 faciet
981 2241 1203 2320 pregnantem:

383 2339 547 2425 Concipies
570 2341 605 2406 in
627 2345 719 2408 utero
741 2340 908 2425 pariesque
931 2339 1063 2422 prolem,

316 2464 355 2501 ³⁰⁰
383 2444 450 2521 Que
471 2445 577 2512 iustus
600 2451 632 2514 et
655 2446 786 2512 tristitie
809 2450 864 2512 tue
886 2445 980 2512 tollet
1003 2445 1127 2510 molem.

380 2551 489 2618 Proles
512 2553 570 2620 hee
592 2553 625 2618 iu
649 2553 802 2637 gaudium
824 2552 991 2618 tristitiam
1013 2554 1176 2618 convertet
1257 2539 1264 2554 ’

382 2657 483 2722 Tuam
506 2663 539 2722 et
562 2659 781 2742 captivitatem
804 2655 926 2724 Israhel
949 2661 1090 2734 avertat;

381 2761 542 2847 Sexusque
564 2761 694 2828 feminei
717 2762 822 2846 proles
845 2763 908 2828 ista
931 2761 985 2846 pia

381 2867 453 2934 Fiet
475 2874 508 2934 et
530 2869 696 2934 vocabitur
718 2869 846 2934 nomine
867 2869 981 2936 Maria.

316 2991 354 3028 ³0⁶
381 2972 507 3040 Novem
530 2974 632 3058 legem
655 2978 750 3058 atque
773 2973 872 3040 vitam
894 2973 952 3040 hee
975 2973 1078 3057 proles
1101 2968 1276 3048 inchoabit‚

383 3079 491 3162 Atque
513 3099 645 3162 regnum
670 3077 770 3161 putris
793 3077 842 3142 tui
864 3076 969 3144 David
991 3075 1170 3161 reparabit3

382 3179 574 3248 Universum
598 3205 723 3266 queque
746 3183 898 3248 muudum
922 3181 1026 3266 proles
1048 3182 1106 3248 heo
1129 3179 1267 3246 salvabit

364 3287 426 3372 'Et
447 3287 481 3350 in
505 3286 579 3351 celis
603 3287 788 3372 angelorum
811 3287 936 3371 lspsum
959 3285 1162 3354 restaurabit.

382 3391 448 3458 Oeli
470 3397 555 3458 terre
577 3392 740 3460 dominum
763 3397 795 3460 et
817 3413 923 3477 regem
946 3391 1123 3477 generabit,

316 3517 354 3554 ³10
383 3495 419 3562 Iu
444 3501 588 3564 eternum
610 3521 798 3582 permanens
820 3520 892 3562 cum
914 3496 1047 3581 ipsoque
1069 3494 1227 3580 reguabit.

381 3603 470 3688 Ergo
493 3604 697 3670 devotissima
718 3604 833 3668 mulier
855 3603 964 3680 letare,

381 3709 426 3773 Et
448 3713 540 3774 tuum
561 3731 633 3774 uum
656 3709 773 3788 gaudio
797 3709 898 3772 virum
922 3709 1112 3790 prestolare!

382 3813 433 3878 Ad
456 3817 487 3878 te
510 3814 560 3880 die
582 3815 677 3880 tertia
699 3813 748 3878 vir
770 3817 845 3878 tuus
868 3817 1054 3890 revertetur,

382 3915 493 3982 Omnis
516 3921 590 3982 tuus
613 3919 751 4003 gemitus
774 3923 806 3984 et
828 3919 931 3982 luctus
955 3918 1186 4003 abstergetur«

317 4041 354 4076 ³1⁶
380 4021 455 4088 lstis
478 4023 570 4088 dictis
593 4024 724 4110 angelus
747 4024 780 4088 in
803 4023 904 4088 uelum
927 4023 1070 4088 elevatur

381 4129 539 4214 Anuaque
560 4151 632 4193 eum
654 4131 771 4214 gaudio
793 4129 944 4193 maritum
967 4127 1169 4212 prestolatur.

381 4232 427 4298 Ut
449 4235 582 4319 angelus
605 4235 794 4318 predixerat,
817 4233 967 4299 Joachim
989 4256 1134 4298 reversus

788 4361 806 4400 s

298 4459 349 4512 292
368 4459 386 4512 Ζ
407 4458 528 4514 celorum
547 4459 626 4514 fehlt.
696 4461 745 4515 307
765 4461 783 4514 Z
803 4460 844 4514 sui
863 4461 936 4514 stati
953 4459 1005 4512 tui.
1076 4461 1127 4514 310
1146 4460 1218 4514 fehlt
1236 4459 1266 4512 in
1285 4459 1315 4514 Ζ.
1365 4467 1368 4474 “
