3060 4936
692 347 754 416 191

71 599 76 608 ,
153 525 258 594 fertur
280 525 430 598 habuisse
452 525 590 592 initium.
636 524 722 592 Ante
751 525 853 591 multa
883 530 1027 611 tempora
1056 530 1148 593 erant
1170 527 1299 612 quidam

151 633 286 712 nobiles,
310 631 365 717 qni
381 653 485 698 arcem
507 654 604 717 supra
619 633 770 698 romitem
794 655 884 716 aquae
900 632 1064 698 habebant
1084 632 1118 697 in
1141 633 1219 714 loco,
1243 635 1299 700 ubi

150 760 235 804 nunc
258 743 307 804 est
322 738 434 804 hortus
458 737 508 803 rel
523 737 734 804 coemiterium
748 759 893 804 sororum
911 742 996 803 retro
1012 739 1175 805 ecclesiam
1190 763 1299 806 versus

151 845 313 926 vomitem,
336 843 393 909 ubi
415 844 480 908 iam
503 843 555 908 ria
578 847 635 909 est.
659 843 693 908 hi
716 844 838 910 nobiles
861 849 989 928 accepta
1012 843 1140 910 licentia
1162 845 1300 931 episcopi

151 947 404 1014 Constantiensis
420 947 656 1014 aedificaverunt
671 948 826 1032 capellam
849 971 946 1034 prope
968 971 1059 1015 suam
1081 973 1194 1030 arcem,
1217 950 1301 1015 inter

147 1077 246 1140 quam
264 1059 297 1119 et
311 1053 466 1139 capellam
482 1052 641 1119 mediabat
656 1055 804 1121 hortulus
827 1055 967 1122 consitus
983 1055 1160 1121 arboribus.
1207 1057 1300 1122 Anno

150 1165 257 1226 autem
279 1159 399 1225 domini
424 1159 507 1225 1155
531 1159 596 1225 fuit
619 1161 727 1226 eadem
749 1161 872 1246 capella
894 1165 1076 1228 consecrata
1098 1163 1131 1227 in
1147 1161 1301 1227 honorem

153 1268 253 1332 beatae
270 1264 380 1331 Mariae
397 1265 531 1350 virginis
547 1269 579 1330 et
600 1266 703 1332 sancti
717 1265 839 1354 AEgidii
855 1265 1053 1333 confessoris.
1077 1268 1186 1334 eodem
1200 1267 1302 1353 igitur

150 1395 234 1438 anno
257 1372 400 1437 instante
423 1373 560 1456 quadam
582 1371 774 1452 festivitate,
806 1394 878 1438 cum
907 1373 975 1438 filia
996 1373 1084 1438 illius
1106 1373 1224 1438 nobilis
1246 1375 1302 1458 qui
1330 1407 1332 1413 ⁸

149 1479 214 1544 arci
238 1483 384 1564 praeerat,
412 1499 445 1543 se
467 1479 652 1544 seculariter
667 1483 811 1544 ornasset
834 1482 866 1544 et
888 1480 927 1544 ad
950 1478 1111 1544 ecclesiam
1136 1480 1303 1564 procedere

151 1585 257 1664 vellet,
281 1606 350 1650 ecce
364 1591 478 1650 manus
492 1582 624 1650 Domini
640 1583 741 1650 affuit.
765 1601 842 1649 mox
857 1585 940 1650 enim
964 1587 1002 1650 ut
1015 1585 1108 1671 virgo
1123 1585 1156 1649 in
1172 1585 1303 1650 hortum
1425 1627 1427 1632 -

153 1689 292 1755 madium
317 1691 459 1769 devenit,
484 1689 602 1756 festina
624 1690 760 1755 transire
782 1688 901 1768 volens,
924 1690 1036 1774 pedem
1059 1689 1156 1754 radici
1180 1689 1303 1756 arboris
1440 1676 1442 1694 ¹

153 1795 247 1860 illisit
270 1795 347 1860 adeo
362 1794 500 1874 fortiter,
522 1793 606 1859 utin
632 1798 749 1859 terrem
765 1799 926 1878 prostrata
948 1799 1117 1860 corrueret.
1141 1796 1303 1880 quaedum

153 1923 209 1985 per
232 1899 363 1965 ancillas
384 1900 587 1984 pedissequas
610 1900 751 1964 relevata
773 1903 871 1978 esset,
904 1898 985 1964 dixit
1008 1900 1210 1986 imprecando
1242 1901 1304 1966 sibi

152 2011 225 2071 eta
254 2004 324 2071 Deo
354 2004 560 2090 postulando:
591 2004 649 2069 fiat
672 2009 787 2090 ‘qnaeso
817 2004 943 2070 domine
971 2005 1040 2072 haeo
1069 2005 1210 2091 corporis
1242 2008 1303 2072 mei

153 2110 286 2176 offensio
308 2115 341 2176 ct
363 2131 454 2176 casus
476 2110 592 2175 animae
613 2131 691 2175 meae
714 2111 902 2175 resurrectio
931 2115 963 2176 et
985 2112 1080 2177 salus.
1126 2111 1171 2176 Et
1193 2112 1303 2176 statim

151 2238 295 2304 regressa
317 2217 463 2296 domum,
498 2237 625 2280 omnem
657 2237 733 2280 mox
763 2214 936 2281 secularem
967 2238 1116 2300 pompam
1147 2217 1303 2302 deposuit,

153 2325 272 2387 vestem
296 2321 433 2386 mutavit
456 2326 489 2387 et
511 2343 624 2386 mores.
672 2320 723 2385 Ad
746 2320 883 2386 ecclesiae
907 2325 1013 2386 autem
1035 2322 1190 2406 parietem
1205 2327 1303 2408 tugu-

152 2427 236 2492 rium
252 2449 324 2492 cum
347 2427 504 2492 asseribus
520 2425 582 2491 sibi
596 2425 665 2490 fieri
681 2425 832 2504 instituit,
856 2425 890 2489 in
913 2447 977 2510 quo
992 2425 1089 2510 longa
1112 2429 1206 2491 aetate
1228 2448 1304 2492 con·

153 2532 237 2598 fecta
252 2531 428 2597 solitariam
445 2533 544 2597 vitam
561 2533 595 2596 in
611 2530 789 2598 arctissima
811 2531 968 2616 patientia
982 2531 1083 2596 duxit.
1130 2531 1304 2597 Dicebatur

154 2643 262 2703 autem
285 2638 413 2702 domina
436 2659 525 2702 soror
547 2635 751 2716 Adelhaidis,
781 2641 813 2702 et
835 2637 935 2703 vitam
958 2636 1079 2721 optimo
1102 2636 1208 2702 finivit
1230 2637 1302 2703 fine.

153 2743 231 2808 Post
253 2766 323 2808 earn
345 2765 417 2809 cum
439 2743 552 2830 religio
575 2743 678 2809 sancti
701 2741 727 2807 F
729 2743 862 2808 rancisci
884 2743 1034 2808 instituta
1057 2745 1153 2820 esset,
1179 2746 1248 2806 erat
1269 2742 1304 2806 in

155 2847 233 2914 villa
255 2847 411 2914 Wilerio¹
438 2849 582 2934 quaedam
606 2849 745 2914 eiusdem
760 2846 925 2932 religionis
948 2869 1038 2912 soror
1061 2846 1149 2911 tertii
1173 2846 1303 2928 ordinis,

154 2975 225 3040 quae
241 2955 337 3020 etiam
354 2933 518 3021 dicebatdr
535 2953 728 3020 Adelhaidis.
752 2953 820 3019 heac
841 2954 967 3018 imitata
983 2953 1162 3037 exemplum
1177 2951 1303 3037 prioris,

153 3059 188 3124 in
212 3059 399 3144 praedictum
421 3059 541 3125 recludi
563 3082 596 3124 se
619 3059 696 3124 fecit
712 3061 887 3144 tugurium.
911 3059 966 3124 sed
982 3057 1188 3124 difficultates
1211 3079 1305 3143 passa

154 3189 174 3231 a
193 3169 320 3250 pastore
335 3165 473 3232 ecclesiae
488 3164 679 3251 parochialis
694 3166 728 3228 in
742 3165 941 3229 Blaubefiran
954 3161 977 3241 ²,
994 3167 1026 3228 et
1036 3165 1166 3247 propter
1182 3163 1305 3249 tugurii

156 3271 347 3351 arctitatem,
371 3293 436 3336 non
452 3276 582 3355 propter
596 3270 852 3350 instabilitatem,
868 3270 921 3334 sed
937 3274 1068 3354 propter
1083 3272 1304 3333 necessitatem

152 3376 361 3442 inclusorium
384 3399 511 3462 egressa
535 3375 670 3442 Romam
691 3375 785 3460 petiit
814 3381 847 3440 et
870 3376 908 3440 ad
932 3375 1025 3459 pedes
1048 3397 1147 3458 usque
1170 3372 1300 3438 sanctis·

154 3482 229 3548 simi
245 3503 335 3566 papae
351 3483 448 3548 venit.
495 3481 555 3558 Qui
571 3482 688 3546 auditis
704 3482 807 3548 causis
828 3503 887 3546 nec
902 3480 1006 3544 bullas
1022 3500 1080 3544 nec
1101 3479 1179 3544 alias
1196 3477 1304 3546 literas

153 3589 298 3674 signatas
321 3592 377 3652 aut
401 3587 510 3652 brevia
532 3587 634 3667 dedit,
666 3587 719 3654 sed
743 3588 823 3652 vivae
845 3587 931 3652 vocis
954 3585 1081 3651 oraculo
1104 3585 1211 3650 omnia
1234 3607 1305 3670 quae

151 3715 245 3759 soror
278 3693 414 3778 petierat
444 3693 599 3772 contulit,
629 3698 661 3759 et
694 3693 727 3757 in
758 3694 886 3777 signum
917 3691 1126 3775 concessionis
1158 3691 1245 3756 dedit
1276 3691 1304 3756 ei
1317 3695 1402 3776 gfff„

153 3796 307 3865 tabellam
331 3798 479 3884 ligneam,
501 3797 676 3883 imaginem
697 3797 798 3864 beatae
813 3797 932 3863 ·Mariae
955 3797 1089 3884 virginis
1112 3819 1184 3862 cum
1206 3819 1305 3882 puero

150 3903 231 3971 Jesu
255 3901 445 3983 habentem,
477 3925 634 3984 asserens,
668 3907 704 3968 ut
736 3903 916 3990 quicunque
947 3901 1051 3968 verbis
1083 3903 1150 3968 eius
1181 3903 1306 3968 credere

152 4007 263 4088 nollet,
289 4007 317 4072 ei
340 4006 483 4074 tabulam
498 4009 685 4089 ostenderet,
709 4013 741 4074 et
763 4007 924 4074 adversari
939 4013 1084 4086 cessaret,
1108 4008 1306 4093 quodetiam

153 4112 275 4180 iactum
297 4117 354 4194 est,
377 4135 473 4199 sequa
495 4135 567 4178 cum
590 4113 647 4179 illa
660 4113 772 4179 tabula
794 4113 916 4178 cunctis
938 4112 1048 4179 diebus
1064 4114 1215 4180 defendit.
1262 4112 1306 4177 Et

720 4250 738 4290 *

224 4351 238 4404 1
259 4347 380 4406 Wilario
398 4349 460 4405 Sch.
481 4348 643 4418 Ktlsschrn,
657 4349 736 4405 nicht
754 4348 839 4404 Wibl.
882 4343 1053 4404 assrlburen
1067 4348 1139 4404 llon.
1160 4349 1182 4402 1.
1223 4347 1305 4402 Blau-

155 4437 251 4494 beiron
272 4437 358 4494 Wibl.
377 4437 468 4494 Schm.
506 4436 690 4495 Blawbedren
709 4437 754 4495 Kl.
790 4435 1093 4493 erchaanboldus.
1388 4393 1402 4462 i
