3072 4936
556 1531 783 1638 Principale
809 1531 874 1617 Vl.

131 1719 176 1786 lte
200 1717 366 1804 regionum
390 1720 423 1786 et
444 1720 714 1788 monasteriorum
745 1735 804 1805 per
827 1721 898 1788 eius
921 1737 1034 1806 gyrum
1057 1721 1285 1788 nominatione.

652 2033 719 2105 Gap.
740 2035 763 2090 1.

131 2185 192 2252 De
226 2182 587 2271 principatibus
620 2187 664 2249 et
692 2183 1004 2250 comitatibus
1037 2186 1285 2251 contermi-

497 2289 569 2355 nis
601 2289 914 2356 Ulmensibus.

221 2471 308 2539 Ordo
331 2473 504 2559 promissus
527 2473 629 2559 exigit
650 2496 735 2538 nunc
758 2475 846 2559 loqui
878 2479 911 2540 et
941 2476 1106 2541 nominare
1136 2477 1282 2562 regiones

131 2580 344 2646 conterminas
361 2579 567 2646 Ulmensibus
581 2603 637 2664 per
653 2581 830 2646 circuitum.
876 2579 936 2645 Est
952 2580 1034 2646 enim
1052 2579 1149 2646 Ulmo
1164 2583 1283 2648 vallata

128 2691 163 2751 et
191 2686 297 2750 cincta
326 2686 474 2751 dominiis
504 2687 683 2771 principum
715 2685 904 2752 secularium
935 2689 968 2751 et
996 2687 1219 2772 religiosorum
1248 2689 1282 2752 in

128 2789 261 2856 modum
283 2791 521 2874 speciosissimae
545 2812 669 2856 coronae
692 2793 951 2878 aureae'gemmis
981 2793 1077 2856 variis
1101 2797 1134 2858 et
1154 2814 1283 2876 marga·

129 2894 203 2959 ritis
226 2899 355 2960 ornatae.
390 2896 525 2961 circulus
548 2917 661 2961 eureus
683 2895 769 2959 illius
792 2917 915 2960 corouae
938 2919 1010 2961 eum
1032 2897 1283 2962 excrescentibus

128 3021 187 3085 per
208 3021 324 3086 gmum
347 3003 414 3066 eius
437 2999 513 3066 liliis
536 3000 711 3066 fabricatus
727 3005 775 3065 est
791 3022 830 3064 ex
845 3001 994 3065 dominiis
1015 3001 1196 3085 principum
1211 3024 1283 3066 erum

127 3105 334 3170 comitatibus
356 3109 389 3171 et
412 3104 561 3171 baroniis.
601 3125 734 3191 gemma
757 3126 831 3169 vero
847 3110 880 3170 et
894 3106 1078 3190 margaritae
1095 3106 1142 3170 illi
1158 3127 1281 3172 coronae

126 3211 257 3275 insertus
268 3213 344 3275 sunt
359 3209 551 3275 monasteria
566 3211 790 3295 religiosorum
801 3210 1029 3274 monachorum
1041 3216 1073 3275 ct
1084 3211 1280 3290 monialium,
1320 3264 1326 3280 .

127 3337 168 3380 ex
191 3315 308 3400 quibus
332 3315 479 3381 omnibus
502 3315 637 3380 resultat
659 3320 691 3380 et
707 3315 886 3400 resplendet
901 3337 1017 3380 corona
1031 3315 1122 3380 ualde
1141 3315 1282 3399 speciosa

127 3418 261 3486 Ulmum
281 3421 412 3506 cingens
435 3423 467 3485 et
489 3420 721 3505 quodammodo
749 3441 912 3485 coronans.
960 3418 1174 3484 Producamus
1204 3441 1281 3504 ergo

125 3523 219 3590 illum
248 3545 396 3590 coronam
426 3524 459 3588 in
490 3524 601 3590 lucem.
656 3525 707 3589 Ab
737 3525 859 3590 umente
890 3525 1050 3610 contingit
1080 3521 1281 3590 Ulmensium

126 3631 281 3698 terminos
297 3630 472 3696 dominium
488 3631 602 3696 ducum
619 3631 777 3706 Bavariee3
794 3653 813 3694 a
828 3629 959 3695 meridie
974 3629 1149 3694 dominium
1165 3631 1281 3695 duacum

129 3736 287 3814 Arrstriae3
319 3737 359 3801 ab
391 3735 551 3802 occidente
578 3736 752 3800 dominium
785 3735 900 3800 ducum
933 3737 997 3800 iam
1028 3735 1206 3814 dictorum
1239 3736 1280 3800 ab

126 3841 277 3928 aquilone
299 3864 374 3908 vero
404 3842 519 3906 ducrum
548 3843 585 3906 de
608 3841 693 3906 Teclr
726 3847 758 3906 et
786 3841 901 3905 ducum
924 3839 1047 3906 Sucuiae
1076 3842 1113 3906 de
1137 3840 1279 3920 Stantem,

127 3947 213 4034 quod
242 3948 305 4012 iarn
336 3947 483 4034 generosi
510 3946 640 4010 comites
671 3947 711 4011 cle
741 3946 947 4031 Wirtenberg
982 3949 1085 4012 totum
1123 3946 1278 4010 obtinent.

127 4057 159 4117 et
182 4051 238 4116 ille
260 4055 309 4117 est
330 4052 466 4118 circulus
490 4073 603 4116 aureus
626 4073 758 4116 coronae.
804 4051 886 4115 Lilia
919 4073 993 4116 vcro
1023 4051 1074 4115 de·
1090 4073 1126 4115 eo
1149 4073 1280 4116 consur·

126 4157 248 4243 gentis,
271 4161 303 4222 et
325 4159 359 4222 in
382 4180 419 4222 eo
433 4156 551 4222 circulo
567 4155 720 4221 fundata:
743 4156 777 4220 in
801 4155 950 4221 orientali
965 4159 1056 4240 parte
1073 4155 1279 4230 Bavarorum,

127 4284 199 4347 quae
215 4263 344 4347 respicit
357 4261 531 4338 meridiem,
555 4265 604 4326 est
625 4260 741 4326 nobilis
758 4259 996 4326 marchionatus
1012 4261 1152 4346 Burgum
1169 4261 1280 4324 domus

128 4365 277 4446 Austris,
300 4367 334 4432 in
357 4389 420 4452 quo
437 4365 605 4432 Ulmeuses
627 4371 742 4445 castra,
766 4367 858 4431 villus
886 4370 917 4431 et
934 4368 1145 4451 possessiones
1161 4365 1281 4430 habeut

126 4495 190 4538 uon
213 4473 369 4550 modicam
393 4473 427 4538 iu
450 4473 558 4538 eadem
580 4471 727 4537 orientali
752 4479 843 4557 parte
866 4494 935 4558 quae
959 4477 1007 4536 est
1031 4473 1071 4536 ud
1087 4471 1279 4556 aquilonem,

177 4595 304 4638 innotatur
321 4595 348 4636 do
363 4595 463 4636 ciuitate
478 4594 589 4638 utinensi.
1039 4595 1069 4650 10
