3034 4922
780 365 842 434 178

393 543 513 609 Tamen
536 543 585 609 die
607 543 704 608 tertie
726 563 890 627 resurgam
912 547 945 608 te
966 543 1100 610 visurus.

391 647 545 713 Attamen
568 648 712 732 relinquo
735 646 796 710 tibi
817 647 882 710 iam
903 647 1132 714 consolatorem

251 787 255 795 ·
316 771 369 810 ⁶2⁶⁵
393 753 438 818 Et
461 754 501 818 ad
523 752 698 818 necessaris
719 755 777 815 tus
799 751 994 834 provisorem

393 857 574 924 Johannem
595 859 681 922 hunc
702 857 901 940 discipulum,
926 857 1094 942 virginem,
1117 857 1261 936 electum,

394 963 517 1028 Sororis
539 968 593 1028 tue
615 962 716 1027 lilium
739 961 881 1046 mihique
903 962 1071 1040 dilectum3

320 1110 322 1114 -
394 1067 455 1132 Hic
478 1069 521 1132 sit
542 1068 602 1132 tibi
624 1067 720 1146 filius,
743 1067 907 1151 tusisque
929 1067 991 1131 sibi
1012 1071 1123 1143 mater,

395 1173 477 1238 Loco
501 1173 563 1238 mei
584 1173 634 1237 tui
655 1195 764 1236 curam
786 1171 838 1236 hic
859 1176 950 1257 geret
971 1172 1054 1237 sicut
1076 1176 1175 1257 peter.

318 1297 369 1335 ⁶2⁶⁰
395 1277 483 1362 Ergo
507 1279 558 1361 pia
580 1283 683 1341 mater
705 1299 776 1341 mea
797 1276 921 1342 inistis
944 1277 1125 1356 consoleris,

395 1385 440 1448 Et
461 1405 518 1467 pro
541 1404 611 1446 meo
633 1383 775 1446 cruciatu
797 1403 861 1446 non
884 1384 1010 1446 tantum
1033 1381 1226 1446 tribuleris.‹

280 1683 385 1769 Quod
412 1683 522 1756 Jesus
550 1680 830 1756 commendavit
856 1665 1019 1753 matrem
1046 1703 1153 1754 suam
1181 1679 1347 1752 Johanni

692 1805 934 1898 evangeliste.

397 2014 489 2080 quta
514 2035 637 2078 crucem
660 2017 748 2077 stans
771 2011 932 2077 Johannes
955 2012 1048 2077 corde
1069 2012 1164 2077 nimis
1187 2013 1283 2090 tristi,

398 2119 534 2204 Lugens,
558 2117 696 2202 plorans,
720 2117 931 2200 deplangebat
953 2117 1131 2201 passionem
1155 2115 1283 2182 Christi.

397 2224 447 2288 Ad
469 2223 649 2288 iohannem
671 2221 764 2288 Jesus
787 2222 849 2287 ait:
875 2220 1065 2300 »lohannes
1089 2245 1108 2287 o
1131 2223 1240 2302 amice,

318 2347 370 2384 ⁶²0⁶
397 2328 569 2393 Committe
592 2327 652 2392 tibi
675 2331 807 2392 matrem
829 2349 943 2404 meam,
966 2330 1004 2391 ut
1025 2331 1062 2390 tu
1084 2328 1146 2391 mei
1169 2328 1235 2392 vice

398 2433 482 2496 Huic
503 2432 630 2511 servies,
653 2431 816 2516 provideas
839 2435 871 2495 et
885 2433 993 2515 ¹presis
1015 2431 1084 2496 loco
1106 2433 1178 2511 mei,

398 2536 509 2620 Sitque
531 2537 591 2601 tibi
614 2537 704 2620 quasi
727 2539 837 2613 mater,
861 2541 898 2599 ut
920 2535 1005 2601 lilius
1028 2537 1071 2601 sis
1096 2537 1154 2601 eir

398 2641 599 2726 Respondete
622 2664 678 2726 pre
700 2640 807 2706 dolore
830 2639 993 2706 Johannes
1015 2663 1080 2706 non
1103 2641 1239 2720 valebat,

398 2745 568 2829 ltespirans
591 2751 697 2810 tamen
720 2745 884 2828 paululum
907 2747 947 2809 ed
969 2747 1132 2810 dominum
1155 2746 1297 2812 dicebat:

323 2871 374 2906 erro
405 2849 452 2916 »Ο
476 2852 588 2916 dilecte
610 2851 754 2944 domine,¹
769 2851 930 2935 dulcisque
951 2851 1113 2936 magister,

397 2955 488 3033 Quod
511 2957 655 3040 precipis,
678 2956 739 3020 hoc
760 2955 842 3020 facio
865 2956 1001 3020 libenter
1022 2960 1054 3021 et
1076 2957 1223 3022 minister

397 3061 463 3128 Ero
485 3067 539 3126 tue
561 3063 613 3146 pie
635 3063 757 3140 matris,
779 3061 944 3146 ipsamque
966 3062 1079 3126 tenebo

398 3163 487 3230 Sicut
508 3188 611 3230 meam
633 3166 802 3244 dominam,
825 3166 948 3250 sibique
972 3166 1109 3249 prebebo
1215 3237 1220 3246 ‚

397 3270 518 3335 Cuncta
539 3270 714 3336 necessaris
736 3291 906 3353 curamque
927 3269 1065 3355 gerendo

321 3393 372 3430 ⁶2⁷⁶
399 3375 477 3439 Eius
501 3379 597 3458 etque
619 3377 798 3439 reverenter
820 3373 882 3438 sibi
903 3374 1098 3439 serviendo«

399 3482 635 3566 Pluresquoque
658 3482 748 3544 iuxta
770 3501 893 3545 crucem
916 3481 1032 3545 femine
1055 3484 1221 3560 steterunt,

398 3586 446 3650 De
470 3585 592 3652 Galilea
615 3587 741 3651 domino
764 3591 870 3652 secute
891 3609 952 3671 que
973 3585 1113 3664 fuerumt,

398 3690 528 3756 Sorores
550 3693 610 3756 due
632 3692 766 3776 virginis
788 3696 884 3776 atque
906 3691 1105 3777 Magdalens,

399 3797 466 3872 Qus
488 3798 595 3861 stabat
616 3797 661 3860 ibi
684 3797 762 3862 flens
784 3802 817 3862 ct
839 3798 947 3862 dolens
970 3798 1079 3862 dolore
1101 3797 1204 3862 cordis
1227 3796 1330 3879 plena,

322 3921 373 3956 ⁶2⁸⁰
401 3901 530 3966 Sorores
552 3923 677 3985 quoque
698 3901 818 3980 Lazari,
840 3901 971 3966 Martha
991 3925 1063 3967 cum
1085 3901 1198 3980 Maria,

402 4007 462 4072 Pro
485 4007 584 4070 dulcis
607 4005 683 4072 Jesu
707 4029 768 4091 que
794 4006 949 4092 lugebant
969 4009 1082 4072 mortis
1105 4007 1230 4093 agonia.

399 4111 561 4194 Multeque
584 4111 730 4176 mulieres
752 4112 881 4177 stabant
902 4112 948 4176 ibi
971 4112 1092 4192 fientes,

400 4217 447 4281 De
470 4217 614 4300 passione
636 4217 755 4281 domini
777 4218 912 4282 nimium
934 4217 1085 4284 dolentes.

399 4321 534 4398 Quidam
557 4343 595 4385 ex
618 4322 781 4406 discipulis
804 4327 895 4388 erant
916 4323 962 4387 ibi
985 4326 1105 4388 stantes

320 4445 372 4484 0²⁸⁶
399 4425 581 4492 Passionem
603 4427 724 4490 domini
746 4429 795 4492 sui
819 4429 1037 4496 lamentantes.
