3072 4936
802 384 865 448 118

255 566 365 646 petens
396 559 550 624 auxilium
584 560 735 624 extendit.
783 560 833 622 Ex
866 557 931 621 illis
955 556 1069 620 Renzis
1099 556 1235 620 uidimus
1257 557 1289 619 in
1316 554 1415 620 Ulma

257 667 392 744 iudices,
415 665 558 730 consules
582 669 613 729 61
636 665 845 730 comitatuum
867 662 1033 746 praefectos
1062 665 1094 726 61
1117 662 1150 724 in
1173 661 1271 725 armis
1295 661 1414 726 nobili·

258 772 318 836 bus
349 771 529 834 servientes.
576 769 657 834 Sunt
689 773 796 833 autem
820 773 936 852 praeter
967 767 1026 832 hos
1050 765 1171 830 Renzos
1201 767 1296 830 multi
1327 765 1415 830 illius

259 875 396 940 nominis
420 874 539 938 infimae
560 873 751 938 conditionis
774 875 805 937 in
831 871 928 938 Ulma
960 875 992 937 61
1013 872 1047 936 111
1071 873 1143 936 aliis
1166 870 1289 937 Sneviae
1324 871 1412 936 locis

258 979 362 1046 Causa
384 983 491 1044 autem
513 984 650 1056 ausast,
674 977 760 1062 quod
776 979 837 1043 hoc
852 1000 966 1042 nomen
990 981 1037 1042 est
1060 976 1192 1041 diversis
1207 979 1414 1052 attributum,

260 1085 335 1170 quia
353 1084 531 1148 Fridericus
548 1083 642 1148 buius
658 1082 796 1148 nominis
812 1085 967 1148 secundus
990 1082 1163 1165 imperator
1180 1084 1283 1146 lilium
1298 1082 1415 1146 habuit

261 1191 370 1257 Renz¹
394 1191 536 1268 nomine,
561 1189 664 1252 virum
687 1188 980 1267 bellicosissimum,
1005 1189 1059 1272 qui
1083 1193 1195 1254 contra
1217 1185 1415 1251 lombardos

263 1301 296 1362 et
318 1295 416 1368 Italos
439 1300 471 1360 et
493 1294 615 1359 Siculos
638 1293 740 1357 multa
762 1295 873 1379 gravia
896 1292 1055 1358 commisit
1074 1293 1173 1368 bella;
1197 1293 1281 1356 unde
1303 1313 1414 1356 omnes

262 1403 300 1466 de
329 1422 386 1465 suo
409 1401 548 1465 exercitu
577 1397 763 1464 dicebantur
786 1398 901 1477 Renzi,
935 1422 973 1464 ex
1001 1421 1064 1483 quo
1095 1399 1155 1462 hoc
1183 1419 1300 1461 nomen
1330 1397 1413 1480 apud

262 1506 369 1590 plures
392 1505 510 1570 mansit
533 1510 688 1588 tanquam
710 1504 890 1588 proprium,
915 1505 1091 1588 praesertim
1114 1505 1146 1567 in
1171 1503 1304 1582 Suesia,
1338 1503 1415 1586 quia

263 1611 436 1675 exercitum
452 1610 490 1674 de
505 1609 622 1674 Suesia
636 1611 667 1673 in
686 1610 852 1692 praedietas
868 1611 1013 1695 regiones
1029 1611 1190 1674 eduxerat.
1227 1608 1303 1672 Alia
1317 1630 1415 1671 causa

262 1715 540 1799 multiplicationis
555 1714 643 1778 illius
659 1713 796 1778 nominis
813 1719 870 1779 est.
894 1737 968 1780 nam
984 1739 1020 1780 eo
1030 1721 1172 1800 tempore
1188 1737 1251 1800 quo
1266 1713 1414 1778 Clemens

262 1843 345 1905 papa
358 1819 518 1886 Avinione
534 1820 658 1897 resedit,
683 1825 751 1884 erat
768 1819 877 1884 Romae
900 1821 1029 1905 quidam
1052 1821 1196 1905 publicus
1218 1818 1341 1896 scriba,
1366 1819 1415 1882 vir
1515 1807 1517 1888 1

261 1927 493 2011 magnanimus,
510 1926 564 2009 qui
578 1925 718 1990 collectis
731 1923 884 1989 Romanis
899 1927 944 1990 eis
960 1926 1116 2009 promisit,
1133 1928 1160 1990 si
1175 1926 1267 2010 sequi
1283 1924 1413 2000 vellent,

263 2032 521 2096 reformationem
537 2035 569 2094 et
592 2031 805 2094 reductionem
823 2030 1014 2095 monarchia
1037 2031 1070 2095 in
1089 2030 1266 2095 Romanam
1291 2031 1413 2093 urbem.
1516 2057 1517 2126 5

263 2137 438 2201 Dicebatur
460 2139 565 2199 autem
589 2135 638 2198 vir
662 2134 714 2198 ille
730 2131 900 2214 Rentius²‚
925 2135 1001 2220 quia
1023 2141 1092 2202 erat
1114 2137 1152 2200 de
1167 2134 1291 2200 familia
1314 2135 1413 2199 nobili
1516 2193 1517 2200 ,

263 2241 461 2306 Bentiorum.
501 2238 581 2304 Cum
595 2239 727 2304 collecto
749 2261 825 2324 ergo
842 2241 981 2305 exercitu
1004 2240 1133 2306 desaevit
1155 2241 1187 2303 in
1205 2238 1359 2303 officiales
1383 2245 1415 2303 et
1516 2283 1517 2288 η

263 2348 429 2430 praefectos
453 2343 572 2428 positos
596 2366 615 2406 a
637 2366 730 2426 propa,
753 2365 966 2428 magnamque
981 2346 1142 2410 interemit
1163 2344 1413 2422 multitudinem,

265 2455 297 2514 61
327 2449 422 2514 aliam
452 2447 598 2531 politiam
628 2469 744 2530 ponere
782 2449 958 2513 conabatur
988 2454 1196 2534 senatumque
1236 2449 1412 2513 restituere.

263 2553 379 2618 Omnes
394 2573 471 2636 ergo
486 2551 573 2616 illius
589 2553 743 2616 exercitus
765 2553 881 2616 armati
904 2553 981 2618 dicti
996 2559 1071 2618 sunt
1086 2577 1105 2618 a
1120 2555 1285 2637 capitaneo
1301 2577 1409 2618 eorum

267 2658 381 2734 llantii,
405 2658 489 2722 inter
504 2679 583 2741 quos
606 2661 697 2721 erant
721 2658 813 2722 multi
832 2657 977 2723 Alemani
1001 2663 1034 2722 61
1049 2657 1205 2743 precipue
1228 2657 1335 2736 Suevi,
1359 2660 1411 2744 qui
1516 2641 1517 2672 ³

262 2763 301 2826 de
322 2761 419 2826 Italia
440 2783 555 2826 nomen
588 2761 620 2824 in
644 2783 717 2826 suas
747 2763 929 2828 detulerunt
959 2763 1114 2848 regiones.
1160 2763 1295 2848 Insuper
1317 2766 1412 2830 tertia

263 2872 437 2932 causaest.
466 2890 539 2930 nam
570 2866 645 2931 dum
668 2867 832 2932 Ludwicus
855 2865 999 2932 Bararus
1030 2869 1155 2934 saeviret
1186 2870 1219 2932 in
1250 2870 1412 2936 eeclesiam
1516 2935 1517 2950 ,

264 2977 296 3037 et
320 2973 482 3038 multoties
505 2977 588 3036 esset
609 2973 917 3049 excommunicatus,
949 2974 1168 3038 schismaticus
1191 2981 1223 3039 61
1246 2975 1414 3040 haereticus

265 3076 488 3154 denunciatus,
521 3067 561 3141 et¹
575 3079 681 3140 tamen
706 3080 818 3140 contra
842 3099 956 3160 papam
979 3082 1012 3140 et
1034 3077 1195 3142 ecclesiam
1219 3080 1414 3163 6616106111-

264 3187 366 3248 torem
389 3184 530 3267 gereret,
554 3203 609 3264 per
632 3204 747 3265 papam
772 3183 933 3265 depositus
956 3180 1037 3258 fuit,
1063 3188 1095 3246 et
1119 3181 1256 3247 Karalus
1280 3190 1415 3267 quartus

266 3288 331 3352 fuit
353 3292 465 3352 contra
480 3309 550 3350 eum
574 3285 691 3349 electus
715 3288 746 3349 in
766 3287 841 3350 villa
864 3309 935 3370 quae
958 3287 1075 3351 dieitur
1093 3287 1213 3366 Renz³,
1237 3292 1269 3352 61
1284 3295 1416 3373 propter

263 3394 324 3458 hoc
347 3415 455 3456 omnes
478 3392 506 3456 ei
530 3391 727 3456 adhaerentes
750 3391 937 3456 dicebantur
963 3391 1088 3470 Renzii,
1120 3393 1225 3456 ethis
1248 3394 1288 3458 de
1311 3395 1415 3458 causis

268 3498 403 3562 adhaesit
419 3497 479 3561 hoc
494 3519 608 3560 nomen
630 3495 790 3579 aliquibus
807 3495 968 3560 nobilibus
984 3500 1016 3561 et
1031 3496 1236 3580 ignobilibus,
1262 3499 1415 3563 divitibus

264 3607 296 3668 et
318 3602 519 3687 pauperibus,
543 3601 668 3686 magnis
692 3606 724 3664 61
746 3601 862 3684 parvis.

711 3775 920 3842 Bitterlin
940 3778 962 3842 ⁴.

354 3915 627 3981 Bitterlinensium
651 3917 774 3980 familia
790 3941 912 4002 semper
935 3917 1089 3984 nobilium
1112 3941 1252 3998 consors,
1276 3921 1416 4003 plurima

265 4020 432 4084 honestate
455 4021 587 4104 pollens,
603 4019 731 4086 Ulmarn
757 4022 798 4085 ab
821 4023 954 4108 antiquo
978 4028 1010 4087 ot
1032 4023 1116 4089 10116
1139 4047 1158 4088 6
1177 4025 1336 4110 principio
1360 4049 1416 4090 sua
1516 4071 1517 4112 p

827 4169 844 4207 6

335 4273 409 4326 1161
429 4273 570 4327 vielleicht
591 4273 690 4329 Ennius
708 4277 855 4346 gemeint‘?
925 4278 1081 4332 2Renaius
1101 4277 1144 4333 Κ1.
1181 4277 1316 4332 Rantsins
1343 4278 1414 4334 Besa.

264 4360 1024 4434 (0010Βί61161,1110016116161116111111616136111611111
1104 4364 1238 4430 3Rense,
1256 4383 1305 4420 am
1326 4366 1413 4420 [theia
1516 4363 1517 4368 ’

264 4447 359 4502 oberh.
379 4447 506 4502 (loblenz.
578 4449 593 4501 4
615 4448 654 4502 De
674 4450 918 4504 Bitterlinensibus
937 4451 1009 4507 Mon.
1029 4454 1053 4506 ⁶2.
1072 4451 1143 4506 Golr.
1165 4451 1238 4507 Besa.
