3080 4938
799 336 841 402 52

241 515 337 581 batur
355 515 456 600 panis,
479 536 550 600 qua
565 514 628 579 iam
653 517 719 579 stat
742 519 817 579 ante
838 513 1001 580 ecclesiam
1015 516 1117 580 beatae
1134 513 1290 600 Virginis,
1314 517 1347 578 et
1361 513 1395 578 in

242 644 278 686 eo
302 623 370 686 loco
393 625 470 685 tunc
492 624 561 685 erat
584 619 695 685 domus
718 620 886 684 bladorum
909 625 941 684 et
965 620 1071 704 platea
1093 641 1276 706 granorum

328 726 449 791 Domus
472 724 646 790 Consulum
669 725 799 810 egregia
814 729 862 788 est
885 729 917 790 et
931 725 1054 803 decora,
1078 725 1199 790 habens
1215 723 1394 808 campanile
1483 789 1486 795 Δ

242 832 427 897 deauratum
449 831 589 915 undique
604 833 636 894 et
650 829 753 894 multa
768 829 960 909 habitacula,
985 833 1017 894 et
1032 851 1220 914 campanam
1240 829 1393 894 horarum

242 936 447 1001 cantatricem
468 955 630 1019 magnam,
654 934 693 999 ad
716 934 805 999 cuites
828 935 1069 999 tectum-etiam
1091 935 1124 998 in
1150 935 1233 999 turri
1255 933 1395 1000 ecclesiae
1520 991 1522 1024 ὲ

240 1041 343 1106 beatae
366 1039 511 1126 Virginis
533 1043 640 1104 custos
662 1061 812 1124 magnam
835 1039 951 1104 ictibus
968 1039 1113 1126 percutit
1136 1061 1335 1123 campanam,
1359 1043 1396 1102 ut

243 1147 297 1230 qui
320 1147 456 1230 primam
478 1143 643 1210 obaudivit
674 1145 891 1230 signaturam,
922 1145 1092 1210 secundam
1124 1143 1310 1209 consideret.
1356 1142 1394 1208 ln

242 1253 350 1317 eadem
366 1252 447 1316 turri
462 1251 564 1316 beatae
580 1247 725 1334 Virginis
742 1253 818 1314 sunt
832 1271 956 1334 semper
972 1250 1035 1314 duo
1051 1249 1206 1329 custodes,
1230 1249 1286 1334 qui
1301 1271 1394 1314 mane

1520 1053 1522 1118 l

1521 1227 1522 1310 l

242 1361 274 1422 et
290 1377 418 1441 vespere
433 1355 518 1420 tubis
534 1360 733 1441 concrepant.
759 1361 833 1422 ante
850 1378 967 1442 paucos
983 1379 1083 1422 annos
1100 1356 1263 1422 habebant
1280 1378 1394 1421 uxores
1521 1347 1522 1390 ἕ

242 1483 347 1525 secum
370 1460 525 1544 superius,
547 1460 601 1524 sed
625 1459 783 1525 Plebanus
806 1461 975 1526 modernus
998 1461 1090 1526 eiecit
1109 1461 1245 1527 feminas
1260 1465 1392 1546 propter

242 1565 380 1630 ecclesiae
401 1565 637 1631 immunitatem
658 1568 855 1632 servandam.

331 1669 443 1735 Studio
466 1670 589 1756 ingenti
612 1676 758 1737 servatur
780 1673 892 1737 civitas
915 1673 948 1736 in
972 1673 1146 1754 munditia,
1171 1695 1229 1739 nec
1251 1677 1326 1737 sunt
1348 1671 1393 1737 ibi

242 1776 418 1842 cloacarum
443 1781 474 1840 et
494 1775 684 1840 latrinarum
708 1776 837 1842 foetores
868 1779 950 1842 sicut
973 1777 1069 1856 alibi,
1103 1780 1157 1844 sed
1189 1801 1246 1864 per
1268 1777 1393 1843 subter-

242 1903 353 1946 raneos
376 1885 498 1946 meatus
522 1881 628 1946 omnia
651 1886 827 1947 transeunt.
874 1881 1013 1946 Tantum
1043 1883 1185 1968 diligunt
1207 1883 1291 1949 cives
1313 1883 1393 1948 civi-

241 1987 319 2051 tatis
341 1986 549 2064 munditiam,
573 1990 610 2050 ut
632 1987 769 2071 quadam
792 1988 859 2052 vice
882 1988 1084 2054 decernerent
1107 1988 1231 2054 nullum
1253 1988 1393 2072 amplius

242 2096 403 2156 mortuum
426 2091 512 2156 intra
535 2113 642 2157 muros
665 2093 807 2176 sepeliri,
841 2098 873 2158 et
900 2094 1029 2158 omnino
1052 2094 1232 2178 sepulturas
1254 2115 1328 2160 suas
1352 2094 1391 2158 ad

241 2219 352 2262 omncs
375 2195 507 2261 Sanctos
530 2197 783 2278 transtulissent,
806 2199 833 2263 si
858 2197 1082 2263 Praedicatores
1106 2203 1137 2263 et
1161 2198 1302 2264 Minores
1327 2219 1392 2264 non

241 2303 448 2369 obstitissent.
495 2300 586 2366 Nihil
608 2308 656 2368 est
679 2304 763 2388 quod
785 2309 913 2368 tantum
944 2304 1092 2387 deturpet
1123 2304 1208 2370 vicos
1231 2308 1264 2371 et
1286 2326 1391 2370 aerem

241 2408 356 2473 foetore
378 2406 508 2483 inficiat,
532 2406 614 2471 sicut
634 2429 802 2490 porcorum
825 2407 1008 2488 multitudo,
1032 2409 1087 2493 qui
1110 2409 1251 2494 undique
1272 2413 1393 2474 sterco-
1521 2415 1522 2444 ¹

242 2513 364 2589 rizant3
386 2512 489 2590 credo,
512 2513 539 2576 si
562 2511 650 2594 porci
672 2533 737 2576 non
761 2516 882 2592 essent,
918 2513 1002 2602 quod
1026 2517 1092 2577 tam
1116 2513 1235 2580 munda
1256 2517 1288 2580 et
1311 2535 1390 2578 sana

241 2618 353 2682 civitas
376 2617 428 2681 vix
452 2616 653 2700 reperiretur.
700 2615 774 2681 Non
799 2617 863 2681 vidi
885 2617 1065 2697 civitatem,
1098 2619 1132 2682 in
1161 2640 1224 2703 qua
1246 2618 1393 2684 homines

241 2725 308 2786 tam
328 2721 465 2786 libenter
494 2721 559 2784 sint
592 2719 802 2784 communiter
834 2719 916 2784 sicut
938 2721 971 2785 in
996 2720 1108 2802 Ulma,
1142 2728 1209 2786 tam
1239 2745 1394 2808 pauperes

241 2849 337 2911 quam
360 2826 483 2891 divites.
529 2824 578 2889 Ibi
602 2825 709 2889 omnia
732 2825 771 2888 ad
794 2823 969 2888 humanam
993 2827 1091 2890 vitam
1106 2827 1285 2909 spectantia
1300 2849 1391 2911 repe-

241 2934 368 2997 riuntur
382 2954 440 3016 pro
456 2932 594 2996 denario.
640 2928 822 2996 Sabbatinis
839 2930 948 2994 diebus
965 2935 1013 2994 est
1030 2930 1260 2997 hebdomadale
1275 2932 1393 3012 forum,
1521 2905 1522 2924 ἶ

240 3043 273 3103 et
294 3042 403 3102 tantus
427 3042 475 3102 est
496 3035 653 3101 tumultus
676 3035 709 3099 in
732 3035 846 3120 plateis
870 3036 1042 3100 ementium
1064 3040 1095 3100 et
1113 3037 1327 3118 vendentium,
1351 3060 1388 3102 ac

240 3144 268 3208 si
291 3147 397 3209 essent
418 3141 567 3208 nundinae
590 3142 758 3222 annuales,
790 3143 997 3227 singulariter
1019 3147 1125 3207 tamen
1148 3143 1180 3206 in
1204 3142 1311 3227 platea
1336 3141 1392 3208 ubi

241 3253 290 3314 est
312 3249 378 3313 vini
401 3248 516 3327 forum,
540 3249 596 3312 ubi
619 3269 847 3332 nonnunquam
870 3252 959 3313 stant
981 3250 1044 3313 300
1067 3269 1177 3312 currus
1200 3252 1233 3312 et
1247 3245 1393 3331 plaustra

243 3360 359 3420 onusta
381 3355 464 3419 vino.
510 3353 584 3419 Non
608 3355 700 3418 credo
723 3352 827 3418 simile
849 3353 954 3418 forum
977 3355 1042 3417 vini
1065 3375 1132 3417 esse
1154 3353 1188 3416 in
1213 3351 1393 3432 Alemania,

244 3460 299 3523 ubi
323 3463 448 3524 tantum
471 3460 509 3524 dc
531 3458 633 3523 vino¹
656 3460 689 3522 in
713 3459 864 3543 plaustris
887 3459 1043 3524 habeatur
1066 3457 1186 3538 venale,
1210 3462 1244 3522 et
1258 3462 1326 3522 tam
1342 3481 1395 3524 re-

161 3573 229 3642 ,‚⁰„;‚
242 3569 336 3649 pente
358 3567 401 3630 sit
424 3565 604 3643 venditum,
636 3587 711 3629 nam
734 3568 809 3629 ante
831 3564 994 3628 meridiem
1016 3563 1125 3627 omnia
1157 3567 1235 3627 sunt
1265 3563 1395 3628 vendita

244 3673 276 3734 et
298 3674 424 3734 tantum
447 3692 505 3753 pro
527 3691 638 3754 grossa
655 3669 796 3754 pecunia,
821 3668 983 3732 nonenim
1000 3667 1392 3750 solviturvinumobnlis,

242 3774 378 3838 denariis
402 3778 458 3839 aut
479 3774 658 3853 cruciferis,
690 3775 744 3838 sed
766 3775 893 3838 florenis
916 3779 949 3839 et
971 3773 1112 3839 behemis
1136 3773 1176 3838 ad
1197 3779 1392 3858 promptum.

243 3879 286 3943 Et
309 3878 462 3944 tantum²
487 3879 642 3945 detentio
665 3879 842 3964 principali.

812 4020 824 4046 .

315 4100 326 4152 l
348 4101 461 4154 tantum
481 4099 516 4153 de
535 4097 600 4155 vino
619 4099 692 4154 Mon.
714 4099 735 4154 l.
756 4097 817 4152 Sch.
837 4097 881 4151 Kl.
901 4097 987 4152 Wibl.
1006 4097 1088 4154 Gold.
1111 4097 1151 4153 llr.
1202 4101 1316 4153 tantum
1337 4117 1393 4154 non

243 4189 308 4244 vino
327 4187 407 4244 Gold.
427 4185 502 4240 Ulm.
528 4203 582 4241 non
604 4186 646 4240 Fr.
736 4187 753 4239 2
774 4186 808 4240 Et
826 4189 940 4241 tantum
961 4229 966 4242 .
987 4185 1199 4256 ..principali
1244 4185 1281 4240 llt
1299 4187 1393 4241 cetera

241 4277 314 4332 Mon.
337 4278 360 4330 l.
