3034 4922
647 349 709 419 189

179 540 233 580 ⁶⁸³⁶
260 521 403 610 Suntque
425 525 485 590 tibi
508 526 626 593 similes
649 550 704 594 eeu
728 533 832 596 tecum
854 531 919 596 sint
940 534 1098 618 gemelli«

294 755 473 828 Planctus
500 753 648 828 Marthe
675 755 721 828 de
749 761 872 832 morte
899 759 1047 836 Christi.

263 943 393 1010 Martha
414 967 540 1031 quoque
561 945 704 1012 doloroso
726 948 804 1013 fiens
826 947 1070 1034 lamentabatur,

256 1050 346 1126 Quod
369 1048 462 1116 Jesus
484 1050 584 1116 dulcis
607 1051 721 1136 hospes
743 1053 809 1118 eius
832 1055 877 1118 sic
899 1057 1119 1139 cruciabatur;

258 1153 363 1241 Igitur
385 1157 425 1220 ad
447 1154 558 1222 Jesum
581 1157 627 1220 ait
648 1179 719 1222 cum
742 1159 849 1224 dolore
871 1163 996 1242 mentis,

258 1261 390 1326 Planotu
412 1261 584 1326 miserabili
607 1262 779 1348 multisque
802 1265 966 1331 lamentisr

178 1385 230 1422 ὅσω
257 1365 313 1448 Ve,
338 1389 376 1432 ve
396 1366 477 1432 mihi
499 1367 622 1448 misere,
646 1391 683 1434 ve
705 1369 785 1434 mihi
807 1370 956 1452 desolate,

256 1473 301 1538 Et
322 1473 361 1538 de
382 1478 485 1538 morte
507 1473 627 1538 domiui
649 1473 711 1540 mei
734 1475 905 1541 tribulatel

255 1576 303 1644 Ve
324 1578 414 1657 mihi,
438 1599 521 1642 nuuc
543 1579 662 1644 occisus
687 1583 734 1646 est
756 1579 856 1645 dulcis
878 1581 1075 1665 consolator,

258 1683 331 1750 Pius
353 1683 467 1770 hospes
489 1687 585 1768 atque
606 1689 697 1768 pater
723 1707 809 1750 meus
832 1690 864 1750 et
879 1685 1037 1766 salvatum

256 1786 432 1854 Odomine
454 1789 642 1868 dulcissime,
666 1811 685 1854 o
708 1811 797 1854 amor
819 1790 921 1855 cordis
944 1793 1016 1872 mei,

178 1911 230 1950 ωδ
257 1892 284 1958 0
305 1893 420 1980 hospes
443 1893 669 1974 amantissime,
692 1917 711 1959 o
734 1895 819 1960 salus
842 1917 911 1961 mee
933 1898 1018 1982 speil

255 1998 358 2066 Arne
380 2000 472 2066 ruodo
494 2000 650 2086 separaris
671 2022 728 2085 per
749 1998 908 2065 crudelem
930 2007 1077 2085 mortem,

255 2103 387 2190 Tuoque
407 2103 522 2171 solatio
544 2128 594 2170 me
617 2105 694 2170 facis
715 2105 779 2170 iam
802 2110 952 2171 exortem.

255 2209 304 2276 Ve
323 2210 415 2290 mihi,
437 2211 501 2276 iam
524 2211 697 2296 hospitium
719 2233 825 2276 meum
847 2233 912 2276 non
934 2211 1080 2294 intrabis,

256 2317 403 2402 Amplius
425 2316 575 2382 solatium
597 2317 720 2382 nullum
742 2316 823 2381 mihi
845 2315 946 2382 dabis.

178 2440 230 2480 κω
255 2421 304 2488 Vc
325 2423 415 2502 mihi,
438 2423 503 2488 iam
525 2423 666 2488 decetero
688 2443 745 2507 pro
770 2421 939 2488 refectione

255 2527 325 2593 Tua
346 2551 409 2594 nou
432 2527 628 2592 sollicitabor
640 2526 684 2592 in
707 2526 949 2591 ministratione.

255 2632 326 2698 Heu
341 2636 407 2698 me!
429 2633 494 2698 iam
508 2633 555 2696 tui
577 2651 684 2716 cogor,
706 2631 818 2696 dilecte
840 2631 893 2710 mi,
916 2652 1033 2711 carere,

256 2739 300 2804 lut
321 2743 410 2804 tuam
432 2737 554 2802 dulcem
576 2735 688 2802 faciem
712 2737 796 2801 ultra
819 2759 883 2802 non
907 2737 1019 2802 videre.

256 2842 368 2908 Grates
391 2843 450 2908 tibi
473 2841 584 2920 refers,
607 2839 683 2906 Jesu
707 2842 752 2906 mi
774 2839 921 2927 benigue,

179 2967 229 3004 κω
256 2947 303 3014 De
324 2947 434 3013 multis
457 2947 615 3012 beneficiis
638 2969 699 3032 que
720 2947 800 3012 mihi
822 2952 889 3012 tam
911 2947 1041 3034 indigne

256 3051 438 3139 impendere
461 3053 610 3138 dignatus
633 3075 676 3132 es,
699 3075 773 3116 nam
796 3052 892 3118 verbo
913 3073 964 3116 me
986 3051 1103 3116 curasti

256 3159 306 3222 Ab
328 3158 489 3224 immensis
511 3156 663 3236 febribus,
686 3180 706 3222 a
726 3161 829 3222 morte
851 3157 1012 3222 suscitasti

256 3261 401 3328 Fratrem
423 3285 527 3326 meum
550 3260 713 3334 Lazarum,
736 3283 875 3326 sororem
898 3262 1049 3326 revocast'

257 3369 306 3432 Ad
330 3389 435 3446 verum
458 3365 666 3452 penitentiam
689 3365 880 3451 eandemque
901 3365 1062 3432 mundasti

184 3491 232 3530 wc
258 3472 385 3558 Septem
406 3497 426 3538 a
448 3473 610 3554 demoniis,
634 3493 755 3538 necnon
777 3471 933 3558 hospitari

255 3577 414 3664 Dignatus
436 3600 468 3642 es
489 3577 523 3641 in
546 3576 639 3642 domo
662 3598 732 3640 mea
753 3575 894 3662 cibisque
916 3575 1059 3656 recreari,
1185 3606 1188 3612 ·

255 3682 331 3762 Qus,
352 3683 398 3748 mi
420 3683 543 3762 dilecte,
566 3685 710 3766 poteram
732 3681 793 3745 tibi
814 3680 1005 3760 ministrare,

254 3791 297 3856 nt
319 3813 392 3875 sepe
416 3811 464 3855 me
485 3789 635 3874 dignatus
657 3811 690 3854 es
714 3787 880 3853 consolans
902 3786 1040 3852 visitare.

254 3893 325 3962 Heu
346 3897 413 3960 me!
437 3895 530 3960 modo
552 3897 608 3958 tua
630 3915 715 3958 mors
738 3915 789 3958 me
811 3891 917 3976 privat
939 3895 1030 3956 tanto
1052 3891 1144 3970 dono,

182 4017 229 4056 sen
254 4000 297 4066 lit
318 4005 445 4086 separat
468 3999 685 4064 memineram
709 4021 728 4062 a
750 4003 782 4062 te
805 4001 895 4081 patre
918 3996 1010 4062 bono.

255 4105 281 4170 Ο
305 4104 405 4170 dulcis
427 4105 541 4190 hospes
564 4105 667 4168 anime
690 4125 767 4181 mee,
790 4100 868 4168 Jesn
889 4101 951 4186 pie,

255 4208 339 4276 0tu
361 4210 407 4274 fili
431 4209 563 4292 virginis
586 4209 760 4274 castissime
785 4206 895 4282 Marte,

255 4313 359 4382 O'rax
382 4336 493 4401 regum
515 4315 666 4394 omnium,
689 4335 708 4378 o
732 4313 856 4377 domine
879 4311 1026 4390 celorum,

255 4419 281 4490 Ο
303 4422 480 4488 consolator
502 4419 620 4506 optime
641 4421 827 4483 cunctorum
849 4415 1044 4500 miserorum,
