<?xml version="1.0" encoding="UTF-8"?>
<!DOCTYPE html PUBLIC "-//W3C//DTD XHTML 1.0 Transitional//EN"
    "http://www.w3.org/TR/xhtml1/DTD/xhtml1-transitional.dtd">
<html xmlns="http://www.w3.org/1999/xhtml" xml:lang="en" lang="en">
 <head>
  <title>
</title>
<meta http-equiv="Content-Type" content="text/html;charset=utf-8" />
  <meta name='ocr-system' content='tesseract 3.04.00' />
  <meta name='ocr-capabilities' content='ocr_page ocr_carea ocr_par ocr_line ocrx_word'/>
</head>
<body>
  <div class='ocr_page' id='page_1' title='image "./vitabeatevirgin01vggoog_0055.png"; bbox 0 0 2996 4924; ppageno 0'>
   <div class='ocr_carea' id='block_1_1' title="bbox 641 351 683 417">
    <p class='ocr_par' dir='ltr' id='par_1_1' title="bbox 641 351 683 417">
     <span class='ocr_line' id='line_1_1' title="bbox 641 351 683 417; baseline -0.024 0"><span class='ocrx_word' id='word_1_1' title='bbox 641 351 683 417; x_wconf 77' lang='grc'>47</span> 
     </span>
    </p>
   </div>
   <div class='ocr_carea' id='block_1_2' title="bbox 40 524 1207 1874">
    <p class='ocr_par' dir='ltr' id='par_1_2' title="bbox 40 524 1207 1874">
     <span class='ocr_line' id='line_1_2' title="bbox 248 524 1207 612; baseline 0.002 -20"><span class='ocrx_word' id='word_1_2' title='bbox 248 524 360 611; x_wconf 85' lang='lat' dir='ltr'>Neque</span> <span class='ocrx_word' id='word_1_3' title='bbox 381 529 513 610; x_wconf 81' lang='lat' dir='ltr'>propter</span> <span class='ocrx_word' id='word_1_4' title='bbox 534 528 754 610; x_wconf 85' lang='lat' dir='ltr'>paupertatem</span> <span class='ocrx_word' id='word_1_5' title='bbox 776 545 967 610; x_wconf 86' lang='lat' dir='ltr'>quemquam</span> <span class='ocrx_word' id='word_1_6' title='bbox 989 526 1057 612; x_wconf 86' lang='lat' dir='ltr'>ipsa</span> <span class='ocrx_word' id='word_1_7' title='bbox 1078 528 1207 611; x_wconf 90' lang='lat' dir='ltr'>sprevit.</span> 
     </span>
     <span class='ocr_line' id='line_1_3' title="bbox 40 627 943 718; baseline 0.01 -33"><span class='ocrx_word' id='word_1_8' title='bbox 40 627 42 634; x_wconf 83' lang='grc'><em>’</em></span> <span class='ocrx_word' id='word_1_9' title='bbox 172 649 224 688; x_wconf 74' lang='lat' dir='ltr'>raro</span> <span class='ocrx_word' id='word_1_10' title='bbox 249 631 419 718; x_wconf 84' lang='lat' dir='ltr'>Paupsres,</span> <span class='ocrx_word' id='word_1_11' title='bbox 442 633 479 696; x_wconf 91' lang='lat' dir='ltr'>ut</span> <span class='ocrx_word' id='word_1_12' title='bbox 500 631 624 710; x_wconf 87' lang='lat' dir='ltr'>divitas,</span> <span class='ocrx_word' id='word_1_13' title='bbox 647 631 803 716; x_wconf 75' lang='lat' dir='ltr'>equaliter</span> <span class='ocrx_word' id='word_1_14' title='bbox 822 630 943 710; x_wconf 85' lang='lat' dir='ltr'>dilexit,</span> 
     </span>
     <span class='ocr_line' id='line_1_4' title="bbox 247 734 1064 822; baseline -0.002 -20"><span class='ocrx_word' id='word_1_15' title='bbox 247 734 316 802; x_wconf 85' lang='lat' dir='ltr'>Neo</span> <span class='ocrx_word' id='word_1_16' title='bbox 336 738 467 822; x_wconf 84' lang='lat' dir='ltr'>propter</span> <span class='ocrx_word' id='word_1_17' title='bbox 489 735 628 802; x_wconf 82' lang='lat' dir='ltr'>defectus</span> <span class='ocrx_word' id='word_1_18' title='bbox 655 757 729 802; x_wconf 89' lang='lat' dir='ltr'>suos</span> <span class='ocrx_word' id='word_1_19' title='bbox 751 736 890 820; x_wconf 78' lang='lat' dir='ltr'><strong>aliquem</strong></span> <span class='ocrx_word' id='word_1_20' title='bbox 912 735 1064 822; x_wconf 77' lang='lat' dir='ltr'>despexit.</span> 
     </span>
     <span class='ocr_line' id='line_1_5' title="bbox 247 839 1027 928; baseline -0.003 -20"><span class='ocrx_word' id='word_1_21' title='bbox 247 839 323 908; x_wconf 87' lang='lat' dir='ltr'>Nou</span> <span class='ocrx_word' id='word_1_22' title='bbox 345 841 510 928; x_wconf 87' lang='lat' dir='ltr'>superbus,</span> <span class='ocrx_word' id='word_1_23' title='bbox 533 863 598 907; x_wconf 89' lang='lat' dir='ltr'>uon</span> <span class='ocrx_word' id='word_1_24' title='bbox 620 841 732 922; x_wconf 87' lang='lat' dir='ltr'>elatus,</span> <span class='ocrx_word' id='word_1_25' title='bbox 754 863 819 906; x_wconf 88' lang='lat' dir='ltr'>nou</span> <span class='ocrx_word' id='word_1_26' title='bbox 841 840 1027 907; x_wconf 86' lang='lat' dir='ltr'>ambitiosus</span> 
     </span>
     <span class='ocr_line' id='line_1_6' title="bbox 251 945 1008 1033; baseline 0.001 -22"><span class='ocrx_word' id='word_1_27' title='bbox 251 945 338 1026; x_wconf 85' lang='lat' dir='ltr'>Fuit,</span> <span class='ocrx_word' id='word_1_28' title='bbox 360 968 463 1032; x_wconf 86' lang='lat' dir='ltr'>neque</span> <span class='ocrx_word' id='word_1_29' title='bbox 483 946 635 1026; x_wconf 89' lang='lat' dir='ltr'>tumidus,</span> <span class='ocrx_word' id='word_1_30' title='bbox 657 969 715 1013; x_wconf 86' lang='lat' dir='ltr'>nee</span> <span class='ocrx_word' id='word_1_31' title='bbox 737 969 818 1013; x_wconf 86' lang='lat' dir='ltr'>vane</span> <span class='ocrx_word' id='word_1_32' title='bbox 840 947 1008 1033; x_wconf 80' lang='lat' dir='ltr'>gloriosus.</span> 
     </span>
     <span class='ocr_line' id='line_1_7' title="bbox 252 1050 976 1133; baseline 0 -15"><span class='ocrx_word' id='word_1_33' title='bbox 252 1050 313 1118; x_wconf 88' lang='lat' dir='ltr'>Sed</span> <span class='ocrx_word' id='word_1_34' title='bbox 334 1051 476 1133; x_wconf 87' lang='lat' dir='ltr'>homilis,</span> <span class='ocrx_word' id='word_1_35' title='bbox 499 1053 646 1118; x_wconf 88' lang='lat' dir='ltr'>amabilis</span> <span class='ocrx_word' id='word_1_36' title='bbox 667 1053 731 1117; x_wconf 79' lang='lat' dir='ltr'>fuit</span> <span class='ocrx_word' id='word_1_37' title='bbox 752 1057 785 1118; x_wconf 88' lang='lat' dir='ltr'>et</span> <span class='ocrx_word' id='word_1_38' title='bbox 805 1053 976 1133; x_wconf 89' lang='lat' dir='ltr'>modestus,</span> 
     </span>
     <span class='ocr_line' id='line_1_8' title="bbox 174 1156 925 1236; baseline 0 -14"><span class='ocrx_word' id='word_1_39' title='bbox 174 1175 227 1215; x_wconf 73' lang='lat'>1²²⁶</span> <span class='ocrx_word' id='word_1_40' title='bbox 252 1156 432 1236; x_wconf 88' lang='lat' dir='ltr'>Plaoabilis,</span> <span class='ocrx_word' id='word_1_41' title='bbox 455 1157 593 1222; x_wconf 82' lang='lat' dir='ltr'>affabilis</span> <span class='ocrx_word' id='word_1_42' title='bbox 615 1156 678 1222; x_wconf 89' lang='lat' dir='ltr'>fuit</span> <span class='ocrx_word' id='word_1_43' title='bbox 700 1161 733 1222; x_wconf 91' lang='lat' dir='ltr'>et</span> <span class='ocrx_word' id='word_1_44' title='bbox 753 1156 925 1236; x_wconf 72' lang='lat' dir='ltr'>honestusr</span> 
     </span>
     <span class='ocr_line' id='line_1_9' title="bbox 249 1259 1026 1346; baseline 0.001 -20"><span class='ocrx_word' id='word_1_45' title='bbox 249 1259 318 1326; x_wconf 87' lang='lat' dir='ltr'>Neo</span> <span class='ocrx_word' id='word_1_46' title='bbox 338 1261 475 1341; x_wconf 89' lang='lat' dir='ltr'>invidas,</span> <span class='ocrx_word' id='word_1_47' title='bbox 498 1281 556 1328; x_wconf 86' lang='lat' dir='ltr'>neo</span> <span class='ocrx_word' id='word_1_48' title='bbox 579 1260 720 1340; x_wconf 79' lang='lat' dir='ltr'>callidus,</span> <span class='ocrx_word' id='word_1_49' title='bbox 744 1282 802 1326; x_wconf 87' lang='lat' dir='ltr'>neo</span> <span class='ocrx_word' id='word_1_50' title='bbox 825 1261 1026 1346; x_wconf 81' lang='lat' dir='ltr'>suspiciosus,</span> 
     </span>
     <span class='ocr_line' id='line_1_10' title="bbox 249 1365 1041 1448; baseline -0.001 -16"><span class='ocrx_word' id='word_1_51' title='bbox 249 1365 318 1432; x_wconf 82' lang='lat' dir='ltr'>Neo</span> <span class='ocrx_word' id='word_1_52' title='bbox 339 1389 441 1448; x_wconf 89' lang='lat' dir='ltr'>sevus,</span> <span class='ocrx_word' id='word_1_53' title='bbox 463 1389 521 1433; x_wconf 87' lang='lat' dir='ltr'>neo</span> <span class='ocrx_word' id='word_1_54' title='bbox 543 1366 711 1432; x_wconf 90' lang='lat' dir='ltr'>malivolus</span> <span class='ocrx_word' id='word_1_55' title='bbox 732 1365 796 1432; x_wconf 87' lang='lat' dir='ltr'>fuit</span> <span class='ocrx_word' id='word_1_56' title='bbox 817 1387 875 1432; x_wconf 86' lang='lat' dir='ltr'>neo</span> <span class='ocrx_word' id='word_1_57' title='bbox 896 1366 1041 1446; x_wconf 88' lang='lat' dir='ltr'>dolosus;</span> 
     </span>
     <span class='ocr_line' id='line_1_11' title="bbox 250 1470 1078 1559; baseline -0.002 -21"><span class='ocrx_word' id='word_1_58' title='bbox 250 1470 311 1538; x_wconf 83' lang='lat' dir='ltr'>Sed</span> <span class='ocrx_word' id='word_1_59' title='bbox 331 1472 489 1559; x_wconf 82' lang='lat' dir='ltr'>benignus</span> <span class='ocrx_word' id='word_1_60' title='bbox 512 1476 608 1558; x_wconf 89' lang='lat' dir='ltr'>atque</span> <span class='ocrx_word' id='word_1_61' title='bbox 628 1471 727 1553; x_wconf 84' lang='lat' dir='ltr'>mitis,</span> <span class='ocrx_word' id='word_1_62' title='bbox 749 1471 901 1557; x_wconf 73' lang='lat' dir='ltr'>placidus,</span> <span class='ocrx_word' id='word_1_63' title='bbox 924 1472 1078 1538; x_wconf 87' lang='lat' dir='ltr'>iooundus</span> 
     </span>
     <span class='ocr_line' id='line_1_12' title="bbox 249 1575 1027 1663; baseline 0 -21"><span class='ocrx_word' id='word_1_64' title='bbox 249 1575 326 1642; x_wconf 84' lang='lat' dir='ltr'>Fuit</span> <span class='ocrx_word' id='word_1_65' title='bbox 347 1577 588 1658; x_wconf 80' lang='lat' dir='ltr'>attractabilis,</span> <span class='ocrx_word' id='word_1_66' title='bbox 611 1599 735 1663; x_wconf 84' lang='lat' dir='ltr'>semper</span> <span class='ocrx_word' id='word_1_67' title='bbox 756 1578 850 1643; x_wconf 88' lang='lat' dir='ltr'>eorde</span> <span class='ocrx_word' id='word_1_68' title='bbox 871 1577 1027 1654; x_wconf 75' lang='lat' dir='ltr'>mundus3</span> 
     </span>
     <span class='ocr_line' id='line_1_13' title="bbox 176 1679 1047 1770; baseline 0.001 -23"><span class='ocrx_word' id='word_1_69' title='bbox 176 1699 228 1738; x_wconf 78' lang='lat'>1¹³⁰</span> <span class='ocrx_word' id='word_1_70' title='bbox 253 1679 321 1748; x_wconf 78' lang='lat' dir='ltr'>Neo</span> <span class='ocrx_word' id='word_1_71' title='bbox 342 1687 448 1763; x_wconf 84' lang='lat' dir='ltr'>tenax,</span> <span class='ocrx_word' id='word_1_72' title='bbox 471 1705 573 1768; x_wconf 87' lang='lat' dir='ltr'>nequa</span> <span class='ocrx_word' id='word_1_73' title='bbox 594 1683 726 1767; x_wconf 82' lang='lat' dir='ltr'>cupidus</span> <span class='ocrx_word' id='word_1_74' title='bbox 748 1681 821 1770; x_wconf 85' lang='lat' dir='ltr'>fuit,</span> <span class='ocrx_word' id='word_1_75' title='bbox 844 1703 901 1749; x_wconf 84' lang='lat' dir='ltr'>neo</span> <span class='ocrx_word' id='word_1_76' title='bbox 923 1703 1047 1763; x_wconf 85' lang='lat' dir='ltr'>avarus,</span> 
     </span>
     <span class='ocr_line' id='line_1_14' title="bbox 253 1784 979 1874; baseline 0.006 -22"><span class='ocrx_word' id='word_1_77' title='bbox 253 1784 314 1852; x_wconf 85' lang='lat' dir='ltr'>Sed</span> <span class='ocrx_word' id='word_1_78' title='bbox 334 1787 454 1874; x_wconf 78' lang='lat' dir='ltr'>largus,</span> <span class='ocrx_word' id='word_1_79' title='bbox 477 1788 559 1873; x_wconf 88' lang='lat' dir='ltr'>pius,</span> <span class='ocrx_word' id='word_1_80' title='bbox 581 1787 693 1853; x_wconf 89' lang='lat' dir='ltr'>hilaris</span> <span class='ocrx_word' id='word_1_81' title='bbox 715 1791 784 1853; x_wconf 84' lang='lat' dir='ltr'>arat</span> <span class='ocrx_word' id='word_1_82' title='bbox 805 1787 855 1854; x_wconf 86' lang='lat' dir='ltr'>dai</span> <span class='ocrx_word' id='word_1_83' title='bbox 877 1810 979 1856; x_wconf 77' lang='lat' dir='ltr'>carus.</span> 
     </span>
    </p>
   </div>
   <div class='ocr_carea' id='block_1_3' title="bbox 100 2087 1243 2208">
    <p class='ocr_par' dir='ltr' id='par_1_3' title="bbox 100 2087 1243 2208">
     <span class='ocr_line' id='line_1_15' title="bbox 100 2087 1243 2208; baseline 0.007 -48"><span class='ocrx_word' id='word_1_84' title='bbox 100 2087 204 2174; x_wconf 79' lang='lat' dir='ltr'>Quod</span> <span class='ocrx_word' id='word_1_85' title='bbox 230 2088 370 2186; x_wconf 86' lang='lat' dir='ltr'>Jeseph</span> <span class='ocrx_word' id='word_1_86' title='bbox 398 2089 505 2164; x_wconf 88' lang='lat' dir='ltr'>venit</span> <span class='ocrx_word' id='word_1_87' title='bbox 541 2089 589 2162; x_wconf 88' lang='lat' dir='ltr'>ad</span> <span class='ocrx_word' id='word_1_88' title='bbox 622 2092 805 2185; x_wconf 89' lang='lat' dir='ltr'>templum</span> <span class='ocrx_word' id='word_1_89' title='bbox 842 2092 882 2163; x_wconf 90' lang='lat' dir='ltr'>et</span> <span class='ocrx_word' id='word_1_90' title='bbox 908 2091 1006 2185; x_wconf 91' lang='lat' dir='ltr'>quod</span> <span class='ocrx_word' id='word_1_91' title='bbox 1034 2093 1140 2187; x_wconf 85' lang='lat' dir='ltr'>virga</span> <span class='ocrx_word' id='word_1_92' title='bbox 1165 2094 1243 2208; x_wconf 85' lang='lat' dir='ltr'>eius</span> 
     </span>
    </p>
   </div>
   <div class='ocr_carea' id='block_1_4' title="bbox 598 2213 737 2288">
    <p class='ocr_par' dir='ltr' id='par_1_4' title="bbox 598 2213 737 2288">
     <span class='ocr_line' id='line_1_16' title="bbox 598 2213 737 2288; baseline 0 -2"><span class='ocrx_word' id='word_1_93' title='bbox 598 2213 737 2288; x_wconf 85' lang='lat' dir='ltr'>floruit.</span> 
     </span>
    </p>
   </div>
   <div class='ocr_carea' id='block_1_5' title="bbox 179 2419 1187 4508">
    <p class='ocr_par' dir='ltr' id='par_1_5' title="bbox 253 2419 1187 2711">
     <span class='ocr_line' id='line_1_17' title="bbox 253 2419 1187 2507; baseline 0 -21"><span class='ocrx_word' id='word_1_94' title='bbox 253 2420 427 2507; x_wconf 80' lang='lat' dir='ltr'>Postquam</span> <span class='ocrx_word' id='word_1_95' title='bbox 449 2442 524 2488; x_wconf 90' lang='lat' dir='ltr'>vero</span> <span class='ocrx_word' id='word_1_96' title='bbox 546 2421 723 2486; x_wconf 73' lang='lat' dir='ltr'><strong>sacerdotes</strong></span> <span class='ocrx_word' id='word_1_97' title='bbox 745 2419 829 2486; x_wconf 87' lang='lat' dir='ltr'>hano</span> <span class='ocrx_word' id='word_1_98' title='bbox 850 2439 960 2487; x_wconf 85' lang='lat' dir='ltr'>vocem</span> <span class='ocrx_word' id='word_1_99' title='bbox 983 2421 1187 2504; x_wconf 73' lang='lat' dir='ltr'><strong>audivissent,</strong></span> 
     </span>
     <span class='ocr_line' id='line_1_18' title="bbox 254 2525 1044 2612; baseline -0.003 -18"><span class='ocrx_word' id='word_1_100' title='bbox 254 2527 299 2594; x_wconf 79' lang='lat' dir='ltr'>lut</span> <span class='ocrx_word' id='word_1_101' title='bbox 320 2528 359 2594; x_wconf 86' lang='lat' dir='ltr'>ds</span> <span class='ocrx_word' id='word_1_102' title='bbox 379 2526 502 2612; x_wconf 87' lang='lat' dir='ltr'>Josaph</span> <span class='ocrx_word' id='word_1_103' title='bbox 524 2548 615 2592; x_wconf 86' lang='lat' dir='ltr'>servo</span> <span class='ocrx_word' id='word_1_104' title='bbox 638 2525 689 2592; x_wconf 88' lang='lat' dir='ltr'>dei</span> <span class='ocrx_word' id='word_1_105' title='bbox 711 2526 790 2592; x_wconf 87' lang='lat' dir='ltr'>oarti</span> <span class='ocrx_word' id='word_1_106' title='bbox 811 2527 876 2592; x_wconf 88' lang='lat' dir='ltr'>iarn</span> <span class='ocrx_word' id='word_1_107' title='bbox 894 2525 1044 2608; x_wconf 75' lang='lat' dir='ltr'>ruissent,</span> 
     </span>
     <span class='ocr_line' id='line_1_19' title="bbox 256 2630 960 2711; baseline -0.003 -13"><span class='ocrx_word' id='word_1_108' title='bbox 256 2631 396 2699; x_wconf 77' lang='lat' dir='ltr'><strong>Nuntios</strong></span> <span class='ocrx_word' id='word_1_109' title='bbox 418 2633 452 2698; x_wconf 90' lang='lat' dir='ltr'>in</span> <span class='ocrx_word' id='word_1_110' title='bbox 475 2631 665 2698; x_wconf 76' lang='lat' dir='ltr'>Bethlehem</span> <span class='ocrx_word' id='word_1_111' title='bbox 686 2630 774 2697; x_wconf 80' lang='lat' dir='ltr'>illico</span> <span class='ocrx_word' id='word_1_112' title='bbox 796 2632 960 2711; x_wconf 89' lang='lat' dir='ltr'>miserunt,</span> 
     </span>
    </p>

    <p class='ocr_par' dir='ltr' id='par_1_6' title="bbox 179 2735 1120 3242">
     <span class='ocr_line' id='line_1_20' title="bbox 179 2735 1120 2824; baseline -0.002 -19"><span class='ocrx_word' id='word_1_113' title='bbox 179 2757 230 2796; x_wconf 74' lang='lat'>¹¹⁸⁶</span> <span class='ocrx_word' id='word_1_114' title='bbox 256 2737 304 2806; x_wconf 89' lang='lat' dir='ltr'>Ut</span> <span class='ocrx_word' id='word_1_115' title='bbox 325 2737 446 2824; x_wconf 88' lang='lat' dir='ltr'>Joseph</span> <span class='ocrx_word' id='word_1_116' title='bbox 468 2739 503 2804; x_wconf 93' lang='lat' dir='ltr'>in</span> <span class='ocrx_word' id='word_1_117' title='bbox 525 2735 702 2804; x_wconf 79' lang='lat' dir='ltr'>Jerusalem</span> <span class='ocrx_word' id='word_1_118' title='bbox 725 2738 856 2816; x_wconf 83' lang='lat' dir='ltr'>veniret,</span> <span class='ocrx_word' id='word_1_119' title='bbox 879 2735 1120 2818; x_wconf 87' lang='lat' dir='ltr'>mandaverunt,</span> 
     </span>
     <span class='ocr_line' id='line_1_21' title="bbox 256 2841 1055 2929; baseline 0 -21"><span class='ocrx_word' id='word_1_120' title='bbox 256 2843 364 2928; x_wconf 81' lang='lat' dir='ltr'>Atque</span> <span class='ocrx_word' id='word_1_121' title='bbox 384 2843 539 2929; x_wconf 89' lang='lat' dir='ltr'>templum</span> <span class='ocrx_word' id='word_1_122' title='bbox 562 2841 740 2908; x_wconf 86' lang='lat' dir='ltr'>Salomonis</span> <span class='ocrx_word' id='word_1_123' title='bbox 762 2843 890 2908; x_wconf 87' lang='lat' dir='ltr'>veniens</span> <span class='ocrx_word' id='word_1_124' title='bbox 910 2843 1055 2924; x_wconf 74' lang='lat' dir='ltr'>intraret,</span> 
     </span>
     <span class='ocr_line' id='line_1_22' title="bbox 254 2943 1017 3033; baseline 0 -21"><span class='ocrx_word' id='word_1_125' title='bbox 254 2943 293 3012; x_wconf 89' lang='lat' dir='ltr'>ln</span> <span class='ocrx_word' id='word_1_126' title='bbox 314 2969 411 3012; x_wconf 88' lang='lat' dir='ltr'>mann</span> <span class='ocrx_word' id='word_1_127' title='bbox 432 2969 491 3014; x_wconf 87' lang='lat' dir='ltr'>sua</span> <span class='ocrx_word' id='word_1_128' title='bbox 514 2947 656 3016; x_wconf 82' lang='lat' dir='ltr'>baiulans</span> <span class='ocrx_word' id='word_1_129' title='bbox 678 2947 804 3033; x_wconf 82' lang='lat' dir='ltr'>virgam</span> <span class='ocrx_word' id='word_1_130' title='bbox 825 2951 1017 3031; x_wconf 74' lang='lat' dir='ltr'>apportaret.</span> 
     </span>
     <span class='ocr_line' id='line_1_23' title="bbox 253 3051 1035 3138; baseline -0.001 -20"><span class='ocrx_word' id='word_1_131' title='bbox 253 3051 375 3138; x_wconf 84' lang='lat' dir='ltr'>Jossph</span> <span class='ocrx_word' id='word_1_132' title='bbox 397 3057 504 3119; x_wconf 89' lang='lat' dir='ltr'>autam</span> <span class='ocrx_word' id='word_1_133' title='bbox 525 3053 608 3118; x_wconf 71' lang='lat' dir='ltr'>deut</span> <span class='ocrx_word' id='word_1_134' title='bbox 630 3052 732 3118; x_wconf 87' lang='lat' dir='ltr'>iustus</span> <span class='ocrx_word' id='word_1_135' title='bbox 753 3053 864 3118; x_wconf 89' lang='lat' dir='ltr'>statim</span> <span class='ocrx_word' id='word_1_136' title='bbox 885 3051 1035 3130; x_wconf 80' lang='lat' dir='ltr'>obedivit,</span> 
     </span>
     <span class='ocr_line' id='line_1_24' title="bbox 255 3155 1013 3242; baseline 0 -20"><span class='ocrx_word' id='word_1_137' title='bbox 255 3157 300 3223; x_wconf 83' lang='lat' dir='ltr'>llt</span> <span class='ocrx_word' id='word_1_138' title='bbox 323 3159 451 3225; x_wconf 82' lang='lat' dir='ltr'>venians</span> <span class='ocrx_word' id='word_1_139' title='bbox 472 3156 651 3224; x_wconf 77' lang='lat' dir='ltr'>Jerusalem</span> <span class='ocrx_word' id='word_1_140' title='bbox 672 3155 827 3242; x_wconf 88' lang='lat' dir='ltr'>templum</span> <span class='ocrx_word' id='word_1_141' title='bbox 849 3157 1013 3236; x_wconf 78' lang='lat' dir='ltr'>introivit3</span> 
     </span>
    </p>

    <p class='ocr_par' dir='ltr' id='par_1_7' title="bbox 180 3261 1160 3770">
     <span class='ocr_line' id='line_1_25' title="bbox 180 3261 1018 3348; baseline -0.004 -19"><span class='ocrx_word' id='word_1_142' title='bbox 180 3279 230 3318; x_wconf 78' lang='lat'><strong>¹⁸⁴⁰</strong></span> <span class='ocrx_word' id='word_1_143' title='bbox 255 3261 294 3330; x_wconf 89' lang='lat' dir='ltr'>Iu</span> <span class='ocrx_word' id='word_1_144' title='bbox 315 3284 414 3328; x_wconf 86' lang='lat' dir='ltr'>mauu</span> <span class='ocrx_word' id='word_1_145' title='bbox 434 3284 493 3328; x_wconf 87' lang='lat' dir='ltr'>sua</span> <span class='ocrx_word' id='word_1_146' title='bbox 513 3261 657 3328; x_wconf 86' lang='lat' dir='ltr'>baiolans</span> <span class='ocrx_word' id='word_1_147' title='bbox 680 3263 805 3348; x_wconf 79' lang='lat' dir='ltr'>virgam</span> <span class='ocrx_word' id='word_1_148' title='bbox 827 3261 1018 3347; x_wconf 82' lang='lat' dir='ltr'>apportavit,</span> 
     </span>
     <span class='ocr_line' id='line_1_26' title="bbox 255 3367 1113 3452; baseline -0.001 -18"><span class='ocrx_word' id='word_1_149' title='bbox 255 3367 357 3444; x_wconf 83' lang='lat' dir='ltr'>Quam</span> <span class='ocrx_word' id='word_1_150' title='bbox 380 3367 421 3434; x_wconf 90' lang='lat' dir='ltr'>ad</span> <span class='ocrx_word' id='word_1_151' title='bbox 442 3367 558 3434; x_wconf 88' lang='lat' dir='ltr'>summi</span> <span class='ocrx_word' id='word_1_152' title='bbox 581 3367 752 3433; x_wconf 85' lang='lat' dir='ltr'>saoerdotis</span> <span class='ocrx_word' id='word_1_153' title='bbox 773 3388 886 3433; x_wconf 86' lang='lat' dir='ltr'>manus</span> <span class='ocrx_word' id='word_1_154' title='bbox 909 3369 1113 3452; x_wconf 76' lang='lat' dir='ltr'>presentavit.</span> 
     </span>
     <span class='ocr_line' id='line_1_27' title="bbox 256 3471 1160 3558; baseline 0.001 -19"><span class='ocrx_word' id='word_1_155' title='bbox 256 3471 333 3539; x_wconf 86' lang='lat' dir='ltr'>Mox</span> <span class='ocrx_word' id='word_1_156' title='bbox 355 3477 393 3538; x_wconf 91' lang='lat' dir='ltr'>ut</span> <span class='ocrx_word' id='word_1_157' title='bbox 413 3473 568 3558; x_wconf 81' lang='lat' dir='ltr'>templum</span> <span class='ocrx_word' id='word_1_158' title='bbox 592 3472 771 3540; x_wconf 83' lang='lat' dir='ltr'>Salomonis</span> <span class='ocrx_word' id='word_1_159' title='bbox 791 3472 911 3558; x_wconf 90' lang='lat' dir='ltr'>Joseph</span> <span class='ocrx_word' id='word_1_160' title='bbox 933 3471 995 3538; x_wconf 85' lang='lat' dir='ltr'>hoo</span> <span class='ocrx_word' id='word_1_161' title='bbox 1017 3473 1160 3555; x_wconf 86' lang='lat' dir='ltr'>intravit,</span> 
     </span>
     <span class='ocr_line' id='line_1_28' title="bbox 256 3575 1071 3664; baseline 0 -22"><span class='ocrx_word' id='word_1_162' title='bbox 256 3575 369 3664; x_wconf 78' lang='lat' dir='ltr'>Virga,</span> <span class='ocrx_word' id='word_1_163' title='bbox 392 3599 489 3662; x_wconf 87' lang='lat' dir='ltr'>quam</span> <span class='ocrx_word' id='word_1_164' title='bbox 511 3578 545 3642; x_wconf 91' lang='lat' dir='ltr'>in</span> <span class='ocrx_word' id='word_1_165' title='bbox 566 3597 663 3642; x_wconf 83' lang='lat' dir='ltr'>manu</span> <span class='ocrx_word' id='word_1_166' title='bbox 686 3599 744 3642; x_wconf 90' lang='lat' dir='ltr'>sua</span> <span class='ocrx_word' id='word_1_167' title='bbox 765 3577 875 3663; x_wconf 79' lang='lat' dir='ltr'>gessit,</span> <span class='ocrx_word' id='word_1_168' title='bbox 897 3577 1071 3663; x_wconf 88' lang='lat' dir='ltr'>pullulavit</span> 
     </span>
     <span class='ocr_line' id='line_1_29' title="bbox 256 3681 994 3770; baseline -0.003 -20"><span class='ocrx_word' id='word_1_169' title='bbox 256 3681 435 3750; x_wconf 77' lang='lat' dir='ltr'>Fraudibus</span> <span class='ocrx_word' id='word_1_170' title='bbox 457 3687 490 3750; x_wconf 86' lang='lat' dir='ltr'>et</span> <span class='ocrx_word' id='word_1_171' title='bbox 512 3683 654 3766; x_wconf 82' lang='lat' dir='ltr'>floribus,</span> <span class='ocrx_word' id='word_1_172' title='bbox 681 3683 800 3770; x_wconf 87' lang='lat' dir='ltr'>populo</span> <span class='ocrx_word' id='word_1_173' title='bbox 821 3685 994 3768; x_wconf 63' lang='lat' dir='ltr'>mactante,</span> 
     </span>
    </p>

    <p class='ocr_par' dir='ltr' id='par_1_8' title="bbox 183 3789 979 3876">
     <span class='ocr_line' id='line_1_30' title="bbox 183 3789 979 3876; baseline 0.01 -30"><span class='ocrx_word' id='word_1_174' title='bbox 183 3809 233 3848; x_wconf 81' lang='lat' dir='ltr'>rua</span> <span class='ocrx_word' id='word_1_175' title='bbox 258 3789 303 3856; x_wconf 77' lang='lat' dir='ltr'>Et</span> <span class='ocrx_word' id='word_1_176' title='bbox 324 3789 362 3855; x_wconf 90' lang='lat' dir='ltr'>de</span> <span class='ocrx_word' id='word_1_177' title='bbox 384 3789 469 3876; x_wconf 77' lang='lat' dir='ltr'>sigui</span> <span class='ocrx_word' id='word_1_178' title='bbox 491 3789 635 3856; x_wconf 83' lang='lat' dir='ltr'>novitate</span> <span class='ocrx_word' id='word_1_179' title='bbox 656 3789 748 3856; x_wconf 79' lang='lat' dir='ltr'>deum</span> <span class='ocrx_word' id='word_1_180' title='bbox 771 3789 979 3855; x_wconf 76' lang='lat' dir='ltr'>collaudante.</span> 
     </span>
    </p>

    <p class='ocr_par' dir='ltr' id='par_1_9' title="bbox 182 3892 1040 4296">
     <span class='ocr_line' id='line_1_31' title="bbox 182 3892 1010 3980; baseline -0.001 -20"><span class='ocrx_word' id='word_1_181' title='bbox 182 3967 185 3974; x_wconf 55' lang='grc'><em>,</em></span> <span class='ocrx_word' id='word_1_182' title='bbox 256 3893 377 3980; x_wconf 87' lang='lat' dir='ltr'>Josepb</span> <span class='ocrx_word' id='word_1_183' title='bbox 399 3893 555 3980; x_wconf 86' lang='lat' dir='ltr'>templum</span> <span class='ocrx_word' id='word_1_184' title='bbox 577 3892 696 3960; x_wconf 90' lang='lat' dir='ltr'>domini</span> <span class='ocrx_word' id='word_1_185' title='bbox 717 3893 783 3958; x_wconf 85' lang='lat' dir='ltr'>iam</span> <span class='ocrx_word' id='word_1_186' title='bbox 803 3892 1010 3979; x_wconf 80' lang='lat' dir='ltr'>ingrediente,</span> 
     </span>
     <span class='ocr_line' id='line_1_32' title="bbox 257 3997 910 4084; baseline -0.006 -16"><span class='ocrx_word' id='word_1_187' title='bbox 257 3999 415 4068; x_wconf 84' lang='lat' dir='ltr'>Universo</span> <span class='ocrx_word' id='word_1_188' title='bbox 436 3997 613 4065; x_wconf 86' lang='lat' dir='ltr'>Judeorum</span> <span class='ocrx_word' id='word_1_189' title='bbox 634 3999 753 4084; x_wconf 91' lang='lat' dir='ltr'>populo</span> <span class='ocrx_word' id='word_1_190' title='bbox 775 3999 910 4080; x_wconf 88' lang='lat' dir='ltr'>vidente,</span> 
     </span>
     <span class='ocr_line' id='line_1_33' title="bbox 258 4104 978 4192; baseline -0.003 -20"><span class='ocrx_word' id='word_1_191' title='bbox 258 4105 437 4174; x_wconf 80' lang='lat' dir='ltr'>Fraudibus</span> <span class='ocrx_word' id='word_1_192' title='bbox 458 4109 506 4172; x_wconf 86' lang='lat' dir='ltr'>ast</span> <span class='ocrx_word' id='word_1_193' title='bbox 528 4104 660 4171; x_wconf 84' lang='lat' dir='ltr'>floribus</span> <span class='ocrx_word' id='word_1_194' title='bbox 683 4105 775 4192; x_wconf 79' lang='lat' dir='ltr'>virga</span> <span class='ocrx_word' id='word_1_195' title='bbox 797 4105 978 4190; x_wconf 87' lang='lat' dir='ltr'>pullulavit,</span> 
     </span>
     <span class='ocr_line' id='line_1_34' title="bbox 260 4209 1040 4296; baseline -0.005 -18"><span class='ocrx_word' id='word_1_196' title='bbox 260 4209 361 4288; x_wconf 83' lang='lat' dir='ltr'>Quam</span> <span class='ocrx_word' id='word_1_197' title='bbox 382 4211 503 4278; x_wconf 79' lang='lat' dir='ltr'>avidam</span> <span class='ocrx_word' id='word_1_198' title='bbox 524 4211 558 4276; x_wconf 91' lang='lat' dir='ltr'>iu</span> <span class='ocrx_word' id='word_1_199' title='bbox 581 4211 728 4277; x_wconf 87' lang='lat' dir='ltr'>manibus</span> <span class='ocrx_word' id='word_1_200' title='bbox 749 4211 829 4276; x_wconf 86' lang='lat' dir='ltr'>illue</span> <span class='ocrx_word' id='word_1_201' title='bbox 848 4210 1040 4296; x_wconf 87' lang='lat' dir='ltr'>apportavit,</span> 
     </span>
    </p>

    <p class='ocr_par' dir='ltr' id='par_1_10' title="bbox 185 4313 1126 4508">
     <span class='ocr_line' id='line_1_35' title="bbox 185 4313 1043 4403; baseline 0.001 -23"><span class='ocrx_word' id='word_1_202' title='bbox 185 4333 236 4374; x_wconf 73' lang='lat' dir='ltr'>m</span> <span class='ocrx_word' id='word_1_203' title='bbox 261 4313 431 4403; x_wconf 86' lang='lat' dir='ltr'>Postquam</span> <span class='ocrx_word' id='word_1_204' title='bbox 453 4317 494 4384; x_wconf 84' lang='lat' dir='ltr'>ad</span> <span class='ocrx_word' id='word_1_205' title='bbox 514 4316 679 4402; x_wconf 76' lang='lat' dir='ltr'>pontifices</span> <span class='ocrx_word' id='word_1_206' title='bbox 702 4339 832 4384; x_wconf 87' lang='lat' dir='ltr'>manum</span> <span class='ocrx_word' id='word_1_207' title='bbox 854 4337 924 4382; x_wconf 77' lang='lat' dir='ltr'>eam</span> <span class='ocrx_word' id='word_1_208' title='bbox 947 4316 1043 4397; x_wconf 81' lang='lat' dir='ltr'>dedit,</span> 
     </span>
     <span class='ocr_line' id='line_1_36' title="bbox 263 4419 1126 4508; baseline -0.002 -22"><span class='ocrx_word' id='word_1_209' title='bbox 263 4420 457 4490; x_wconf 72' lang='lat' dir='ltr'>Dsscmdaus</span> <span class='ocrx_word' id='word_1_210' title='bbox 478 4427 607 4492; x_wconf 82' lang='lat' dir='ltr'>sanetus</span> <span class='ocrx_word' id='word_1_211' title='bbox 629 4422 761 4508; x_wconf 84' lang='lat' dir='ltr'>spiritus</span> <span class='ocrx_word' id='word_1_212' title='bbox 782 4423 816 4487; x_wconf 92' lang='lat' dir='ltr'>in</span> <span class='ocrx_word' id='word_1_213' title='bbox 838 4423 909 4506; x_wconf 84' lang='lat' dir='ltr'>ipsa</span> <span class='ocrx_word' id='word_1_214' title='bbox 930 4419 1025 4506; x_wconf 78' lang='lat' dir='ltr'>virga</span> <span class='ocrx_word' id='word_1_215' title='bbox 1044 4419 1126 4486; x_wconf 85' lang='lat' dir='ltr'>sedit</span> 
     </span>
    </p>
   </div>
   <div class='ocr_carea' id='block_1_6' title="bbox 0 0 1502 4924">
    <p class='ocr_par' dir='ltr' id='par_1_11' title="bbox 0 0 1502 4924">
     <span class='ocr_line' id='line_1_37' title="bbox 0 0 1502 4924; baseline 0 0"><span class='ocrx_word' id='word_1_216' title='bbox 0 0 1502 4924; x_wconf 95' lang='lat' dir='ltr'> </span> 
     </span>
    </p>
   </div>
  </div>
 </body>
</html>
