2996 4924
804 361 846 434 60

331 561 383 600 1⁶⁷0
408 541 499 608 Tunc
521 542 597 607 deus
620 539 669 610 (lei
691 539 777 605 filins
798 543 893 605 natus
915 538 956 604 ab
978 538 1086 604 eterno

409 645 614 712 Concluditur
635 645 669 710 in
691 644 825 730 virginis
847 646 938 709 utero
960 646 1114 708 materno.

324 772 326 776 ·
407 750 456 815 De
477 751 542 817 suis
564 748 773 837 sanguinibus
795 749 921 814 mundis
944 746 1006 814 sibi
1027 747 1179 814 mundam

408 855 541 922 Carnem
562 854 699 939 sumpsit
721 859 753 920 et
774 852 850 918 fecit
872 852 1030 939 virginem
1051 851 1227 918 fecundam.

408 959 542 1027 Pudoris
564 961 704 1026 claustra
726 962 913 1044 permanent
935 957 1195 1039 incontaminata,

334 1083 385 1122 1⁵⁷⁶
410 1065 536 1132 Intacta
558 1067 648 1151 virgo
671 1069 813 1130 remanet
835 1068 867 1129 et
888 1063 1108 1143 immaculata3

407 1170 468 1236 Per
490 1193 598 1236 aurem
620 1170 671 1234 (lei
692 1169 778 1234 filius
801 1169 841 1234 ad
864 1191 933 1233 eam
955 1167 1111 1249 introivit,

407 1275 457 1340 Ex
476 1297 513 1340 ea
534 1275 596 1339 sibi
618 1278 766 1339 natrmam
788 1275 961 1338 humanam
984 1273 1148 1352 adimivit3

409 1379 447 1445 ln
469 1379 577 1445 divina
598 1401 656 1444 sna
679 1401 809 1444 manens
830 1381 946 1443 natura
968 1377 1043 1443 deus
1066 1383 1179 1456 rectus,

408 1484 542 1550 (lumem
563 1485 602 1550 de
623 1484 727 1550 Maria
748 1506 874 1550 sumens
896 1485 992 1548 horno
1014 1482 1052 1548 fit
1073 1483 1239 1569 perfectus.
1354 1509 1356 1514 ¹

331 1609 383 1648 asco
408 1589 512 1654 Maria
534 1590 625 1676 virgo
648 1611 834 1674 permanens
857 1593 947 1654 utero
969 1588 1007 1653 fit
1029 1610 1199 1674 pregnans,

407 1691 469 1758 Per
491 1717 599 1760 aurem
621 1694 800 1778 concipiens
822 1693 924 1772 deum,
948 1692 1003 1777 qui
1027 1695 1075 1757 est
1096 1713 1233 1777 regnans

408 1797 447 1864 ln
469 1798 546 1879 celo,
569 1798 662 1863 terris
686 1802 718 1863 et
738 1798 772 1862 in
795 1796 885 1876 mari,
909 1799 1084 1880 cunctaque
1106 1797 1234 1875 creavit,

409 1903 453 1970 Et
475 1925 547 1968 eum
568 1925 681 1970 novem
703 1901 865 1968 mensibus
886 1901 921 1967 in
942 1903 1032 1966 utero
1054 1901 1204 1986 portavit.

254 2203 357 2287 Quod
385 2204 506 2278 Maria
533 2205 703 2279 ascendit
739 2205 787 2278 ed
815 2204 967 2277 domum
994 2201 1171 2276 Zacharia
1206 2203 1246 2274 st
1279 2199 1396 2272 Elisa·

629 2327 720 2400 beth
747 2329 905 2418 cognate
931 2347 1009 2398 sue.

409 2535 486 2602 Post
508 2536 678 2602 disccssum
700 2535 806 2621 angeli
828 2533 931 2600 Maria
952 2533 1136 2600 convocavit

331 2657 381 2696 1⁶⁸⁵
408 2640 545 2706 Matrem
567 2645 663 2725 atque
685 2641 832 2726 virgines,
857 2645 889 2706 et
910 2639 974 2705 illis
997 2638 1158 2704 nuntiavit

408 2744 477 2811 Sibi
496 2769 556 2832 que
578 2769 634 2832 per
656 2746 805 2832 angelum
827 2745 956 2811 fuerunt
976 2745 1133 2824 nuntiata,

406 2849 513 2936 Atque
536 2853 619 2938 quod
641 2851 807 2918 Elisabeth
828 2851 927 2935 ipsius
949 2853 1085 2936 cognata

408 2954 446 3020 ln
469 2961 553 3022 etate
575 2961 642 3022 tam
663 2945 756 3022 senili
778 2955 862 3020 foret
882 2955 1092 3040 impregnata,

409 3060 557 3126 Peritum
578 3063 681 3140 filium
702 3062 766 3127 iam
788 3063 973 3126 inveterate.

331 3184 382 3223 acc
407 3165 496 3252 Ergo
518 3167 610 3252 virgo
632 3165 735 3232 Maria
757 3166 894 3251 sumpsit
917 3171 981 3230 tres
1003 3187 1041 3230 cx
1063 3164 1138 3243 illis,

408 3271 475 3346 Qua
496 3295 568 3336 cum
591 3273 661 3357 ipsa
683 3277 835 3338 venerant
858 3270 1063 3336 sanctissimis
1086 3267 1220 3347 ancillis,

407 3377 452 3441 Et
473 3377 614 3443 ascendit
635 3378 675 3443 ad
697 3381 849 3443 montane
871 3398 966 3461 quam
988 3379 1064 3440 tunc
1086 3373 1254 3438 habitabat

407 3481 527 3546 Eadem
550 3485 686 3567 cognata
708 3503 774 3559 sua,
798 3501 893 3565 quam
916 3479 1056 3565 gaudens
1079 3475 1248 3554 visitabat;
1321 3540 1325 3547 ,

407 3587 543 3672 Alieque
566 3586 705 3672 virgines
727 3585 893 3670 gaudendo
915 3584 1084 3661 redierunt,

331 3710 381 3748 ¹⁶⁹⁶
408 3691 585 3758 Jerusalem
606 3713 667 3776 qne
688 3691 774 3756 facta
795 3693 870 3754 sunt
891 3688 1011 3754 cunctis
1033 3687 1219 3753 retulerunt.

407 3797 573 3862 Elisabeth
598 3794 780 3861 durlcissima
802 3797 938 3880 cognata
957 3815 1015 3858 sua
1037 3793 1104 3858 visa

407 3901 564 3966 Exultans
587 3923 658 3966 cum
679 3900 783 3966 letitia
804 3899 899 3964 nimis
922 3903 970 3964 est
991 3899 1110 3985 gavisa,

406 4006 451 4070 Et
472 4007 506 4070 in
529 4008 595 4072 eius
618 4011 708 4071 utero
731 4028 809 4091 puer
832 4004 987 4071 exultavit
1109 4045 1113 4054 .

409 4109 541 4202 Quando
564 4133 653 4176 suam
676 4111 862 4196 genitricem
885 4109 987 4174 Maria
1008 4108 1169 4175 salut-avit.

331 4237 382 4272 1⁰⁰0
409 4217 541 4281 Clausus
563 4237 693 4281 manens
716 4215 818 4280 adhuc
839 4199 946 4280 infans
968 4214 1001 4278 in
1024 4217 1114 4279 utero
1136 4216 1280 4278 materno

408 4321 553 4400 Domino,
577 4321 632 4406 qui
655 4325 759 4386 totum
781 4321 934 4386 mundum
956 4319 1040 4404 regit
1062 4317 1102 4383 ab
1124 4321 1241 4400 eterno,

407 4423 562 4492 Veniente
584 4425 743 4493 letabatur
765 4425 799 4490 in
821 4423 1023 4503 exultatione,

304 3040 329 3078 Ἰ
