<?xml version="1.0" encoding="UTF-8"?>
<!DOCTYPE html PUBLIC "-//W3C//DTD XHTML 1.0 Transitional//EN"
    "http://www.w3.org/TR/xhtml1/DTD/xhtml1-transitional.dtd">
<html xmlns="http://www.w3.org/1999/xhtml" xml:lang="en" lang="en">
 <head>
  <title>
</title>
<meta http-equiv="Content-Type" content="text/html;charset=utf-8" />
  <meta name='ocr-system' content='tesseract 3.04.00' />
  <meta name='ocr-capabilities' content='ocr_page ocr_carea ocr_par ocr_line ocrx_word'/>
</head>
<body>
  <div class='ocr_page' id='page_1' title='image "./vitabeatevirgin01vggoog_0569.png"; bbox 0 0 3072 4936; ppageno 0'>
   <div class='ocr_carea' id='block_1_1' title="bbox 681 391 742 458">
    <p class='ocr_par' dir='ltr' id='par_1_1' title="bbox 681 391 742 458">
     <span class='ocr_line' id='line_1_1' title="bbox 681 391 742 458; baseline 0 0"><span class='ocrx_word' id='word_1_1' title='bbox 681 391 742 458; x_wconf 87' lang='lat'><strong>105</strong></span> 
     </span>
    </p>
   </div>
   <div class='ocr_carea' id='block_1_2' title="bbox 129 533 1282 654">
    <p class='ocr_par' dir='ltr' id='par_1_2' title="bbox 129 533 1282 654">
     <span class='ocr_line' id='line_1_2' title="bbox 129 533 1282 654; baseline 0.005 -20"><span class='ocrx_word' id='word_1_2' title='bbox 129 568 184 634; x_wconf 88' lang='lat' dir='ltr'><strong>ubi</strong></span> <span class='ocrx_word' id='word_1_3' title='bbox 208 566 408 652; x_wconf 84' lang='lat' dir='ltr'><strong>proficientes</strong></span> <span class='ocrx_word' id='word_1_4' title='bbox 431 569 655 654; x_wconf 87' lang='lat' dir='ltr'><strong>magistratum</strong></span> <span class='ocrx_word' id='word_1_5' title='bbox 678 565 766 632; x_wconf 88' lang='lat' dir='ltr'><strong>urbis</strong></span> <span class='ocrx_word' id='word_1_6' title='bbox 788 567 876 633; x_wconf 89' lang='lat' dir='ltr'><strong>illius</strong></span> <span class='ocrx_word' id='word_1_7' title='bbox 908 568 1015 654; x_wconf 79' lang='lat' dir='ltr'><strong>adepti</strong></span> <span class='ocrx_word' id='word_1_8' title='bbox 1043 533 1122 637; x_wconf 82' lang='lat' dir='ltr'><strong>sunt</strong></span> <span class='ocrx_word' id='word_1_9' title='bbox 1144 577 1177 638; x_wconf 92' lang='lat' dir='ltr'><strong>et</strong></span> <span class='ocrx_word' id='word_1_10' title='bbox 1199 596 1282 639; x_wconf 92' lang='lat' dir='ltr'><strong>rem·</strong></span> 
     </span>
    </p>
   </div>
   <div class='ocr_carea' id='block_1_3' title="bbox 130 673 1282 864">
    <p class='ocr_par' dir='ltr' id='par_1_3' title="bbox 130 673 1282 864">
     <span class='ocr_line' id='line_1_3' title="bbox 130 673 1282 762; baseline 0.005 -25"><span class='ocrx_word' id='word_1_11' title='bbox 130 673 293 759; x_wconf 77' lang='lat' dir='ltr'><strong>publicam</strong></span> <span class='ocrx_word' id='word_1_12' title='bbox 316 675 395 740; x_wconf 87' lang='lat' dir='ltr'><strong>bene</strong></span> <span class='ocrx_word' id='word_1_13' title='bbox 417 679 450 739; x_wconf 88' lang='lat' dir='ltr'><strong>et</strong></span> <span class='ocrx_word' id='word_1_14' title='bbox 472 673 601 760; x_wconf 88' lang='lat' dir='ltr'><strong>pacifice</strong></span> <span class='ocrx_word' id='word_1_15' title='bbox 623 677 790 750; x_wconf 80' lang='lat' dir='ltr'><strong>rexerunt,</strong></span> <span class='ocrx_word' id='word_1_16' title='bbox 822 695 958 758; x_wconf 91' lang='lat' dir='ltr'><strong>quorum</strong></span> <span class='ocrx_word' id='word_1_17' title='bbox 980 696 1110 762; x_wconf 81' lang='lat' dir='ltr'>germen</span> <span class='ocrx_word' id='word_1_18' title='bbox 1135 677 1227 743; x_wconf 91' lang='lat' dir='ltr'><strong>hodie</strong></span> <span class='ocrx_word' id='word_1_19' title='bbox 1248 679 1282 743; x_wconf 93' lang='lat' dir='ltr'><strong>in</strong></span> 
     </span>
     <span class='ocr_line' id='line_1_4' title="bbox 132 777 401 864; baseline 0 -19"><span class='ocrx_word' id='word_1_20' title='bbox 132 777 231 846; x_wconf 86' lang='lat' dir='ltr'><strong>Ulma</strong></span> <span class='ocrx_word' id='word_1_21' title='bbox 253 777 401 864; x_wconf 87' lang='lat' dir='ltr'><strong>pullulat.</strong></span> 
     </span>
    </p>
   </div>
   <div class='ocr_carea' id='block_1_4' title="bbox 535 952 878 1038">
    <p class='ocr_par' dir='ltr' id='par_1_4' title="bbox 535 952 878 1038">
     <span class='ocr_line' id='line_1_5' title="bbox 535 952 878 1038; baseline -0.006 -18"><span class='ocrx_word' id='word_1_22' title='bbox 535 952 878 1038; x_wconf 59' lang='lat' dir='ltr'><strong>osnaburgerz</strong></span> 
     </span>
    </p>
   </div>
   <div class='ocr_carea' id='block_1_5' title="bbox 124 1091 1282 2446">
    <p class='ocr_par' dir='ltr' id='par_1_5' title="bbox 124 1091 1282 2446">
     <span class='ocr_line' id='line_1_6' title="bbox 218 1091 1281 1181; baseline 0.005 -23"><span class='ocrx_word' id='word_1_23' title='bbox 218 1091 574 1180; x_wconf 76' lang='lat' dir='ltr'><strong>Gunzburgerensium²</strong></span> <span class='ocrx_word' id='word_1_24' title='bbox 597 1091 721 1159; x_wconf 87' lang='lat' dir='ltr'><strong>familia</strong></span> <span class='ocrx_word' id='word_1_25' title='bbox 743 1093 864 1159; x_wconf 85' lang='lat' dir='ltr'><strong>divitiis</strong></span> <span class='ocrx_word' id='word_1_26' title='bbox 886 1093 1063 1180; x_wconf 84' lang='lat' dir='ltr'><strong>antiquatis</strong></span> <span class='ocrx_word' id='word_1_27' title='bbox 1086 1097 1210 1181; x_wconf 87' lang='lat' dir='ltr'><strong>agitata</strong></span> <span class='ocrx_word' id='word_1_28' title='bbox 1232 1099 1281 1163; x_wconf 93' lang='lat' dir='ltr'><strong>di·</strong></span> 
     </span>
     <span class='ocr_line' id='line_1_7' title="bbox 130 1196 1281 1287; baseline 0.003 -23"><span class='ocrx_word' id='word_1_29' title='bbox 130 1222 238 1265; x_wconf 85' lang='lat' dir='ltr'><strong>versas</strong></span> <span class='ocrx_word' id='word_1_30' title='bbox 261 1198 322 1264; x_wconf 90' lang='lat' dir='ltr'><strong>sibi</strong></span> <span class='ocrx_word' id='word_1_31' title='bbox 345 1200 433 1266; x_wconf 87' lang='lat' dir='ltr'><strong>sedes</strong></span> <span class='ocrx_word' id='word_1_32' title='bbox 457 1198 612 1285; x_wconf 80' lang='lat' dir='ltr'><strong>quaesivit.</strong></span> <span class='ocrx_word' id='word_1_33' title='bbox 659 1196 744 1264; x_wconf 92' lang='lat' dir='ltr'>Olim</span> <span class='ocrx_word' id='word_1_34' title='bbox 774 1204 881 1266; x_wconf 89' lang='lat' dir='ltr'><strong>autem</strong></span> <span class='ocrx_word' id='word_1_35' title='bbox 906 1221 971 1265; x_wconf 91' lang='lat' dir='ltr'><strong>non</strong></span> <span class='ocrx_word' id='word_1_36' title='bbox 995 1199 1205 1287; x_wconf 80' lang='lat' dir='ltr'><strong>Gunzburger</strong></span> <span class='ocrx_word' id='word_1_37' title='bbox 1226 1205 1281 1268; x_wconf 91' lang='lat' dir='ltr'><strong>sed</strong></span> 
     </span>
     <span class='ocr_line' id='line_1_8' title="bbox 130 1303 1282 1393; baseline 0.004 -24"><span class='ocrx_word' id='word_1_38' title='bbox 130 1303 270 1370; x_wconf 81' lang='lat' dir='ltr'><strong>Ammon</strong></span> <span class='ocrx_word' id='word_1_39' title='bbox 295 1325 410 1370; x_wconf 87' lang='lat' dir='ltr'><strong>nomen</strong></span> <span class='ocrx_word' id='word_1_40' title='bbox 433 1303 605 1370; x_wconf 89' lang='lat' dir='ltr'><strong>habebant.</strong></span> <span class='ocrx_word' id='word_1_41' title='bbox 629 1304 715 1388; x_wconf 90' lang='lat' dir='ltr'><strong>quod</strong></span> <span class='ocrx_word' id='word_1_42' title='bbox 738 1309 816 1389; x_wconf 91' lang='lat' dir='ltr'><strong>puto</strong></span> <span class='ocrx_word' id='word_1_43' title='bbox 846 1304 891 1370; x_wconf 90' lang='lat' dir='ltr'><strong>eis</strong></span> <span class='ocrx_word' id='word_1_44' title='bbox 921 1305 1090 1372; x_wconf 68' lang='lat' dir='ltr'><strong>adh-nise</strong></span> <span class='ocrx_word' id='word_1_45' title='bbox 1113 1329 1151 1372; x_wconf 87' lang='lat' dir='ltr'><strong>ex</strong></span> <span class='ocrx_word' id='word_1_46' title='bbox 1174 1307 1282 1393; x_wconf 88' lang='lat' dir='ltr'><strong>aliquo</strong></span> 
     </span>
     <span class='ocr_line' id='line_1_9' title="bbox 127 1408 1280 1494; baseline 0.003 -19"><span class='ocrx_word' id='word_1_47' title='bbox 127 1409 312 1475; x_wconf 87' lang='lat' dir='ltr'><strong>honorabili</strong></span> <span class='ocrx_word' id='word_1_48' title='bbox 335 1409 511 1476; x_wconf 88' lang='lat' dir='ltr'><strong>ministerio</strong></span> <span class='ocrx_word' id='word_1_49' title='bbox 533 1408 660 1494; x_wconf 87' lang='lat' dir='ltr'><strong>imperii</strong></span> <span class='ocrx_word' id='word_1_50' title='bbox 682 1408 733 1475; x_wconf 87' lang='lat' dir='ltr'><strong>vel</strong></span> <span class='ocrx_word' id='word_1_51' title='bbox 755 1409 888 1474; x_wconf 86' lang='lat' dir='ltr'><strong>alicuius</strong></span> <span class='ocrx_word' id='word_1_52' title='bbox 910 1409 1050 1476; x_wconf 87' lang='lat' dir='ltr'><strong>civitatis</strong></span> <span class='ocrx_word' id='word_1_53' title='bbox 1066 1415 1122 1477; x_wconf 88' lang='lat' dir='ltr'><strong>aut</strong></span> <span class='ocrx_word' id='word_1_54' title='bbox 1137 1412 1280 1493; x_wconf 81' lang='lat' dir='ltr'><strong>dominii,</strong></span> 
     </span>
     <span class='ocr_line' id='line_1_10' title="bbox 128 1514 1280 1604; baseline 0.003 -23"><span class='ocrx_word' id='word_1_55' title='bbox 128 1537 202 1581; x_wconf 90' lang='lat' dir='ltr'><strong>cum</strong></span> <span class='ocrx_word' id='word_1_56' title='bbox 223 1514 318 1580; x_wconf 92' lang='lat' dir='ltr'><strong>hodie</strong></span> <span class='ocrx_word' id='word_1_57' title='bbox 341 1515 480 1580; x_wconf 86' lang='lat' dir='ltr'><strong>ministri</strong></span> <span class='ocrx_word' id='word_1_58' title='bbox 503 1514 671 1581; x_wconf 87' lang='lat' dir='ltr'><strong>civitatum</strong></span> <span class='ocrx_word' id='word_1_59' title='bbox 693 1537 731 1580; x_wconf 87' lang='lat' dir='ltr'><strong>ex</strong></span> <span class='ocrx_word' id='word_1_60' title='bbox 762 1521 853 1600; x_wconf 87' lang='lat' dir='ltr'><strong>parte</strong></span> <span class='ocrx_word' id='word_1_61' title='bbox 882 1515 1007 1600; x_wconf 89' lang='lat' dir='ltr'><strong>imperii</strong></span> <span class='ocrx_word' id='word_1_62' title='bbox 1039 1539 1166 1582; x_wconf 88' lang='lat' dir='ltr'><strong>amman</strong></span> <span class='ocrx_word' id='word_1_63' title='bbox 1188 1519 1280 1604; x_wconf 89' lang='lat' dir='ltr'><strong>quasi</strong></span> 
     </span>
     <span class='ocr_line' id='line_1_11' title="bbox 127 1619 1280 1707; baseline 0.002 -21"><span class='ocrx_word' id='word_1_64' title='bbox 127 1625 293 1706; x_wconf 90' lang='lat' dir='ltr'><strong>amptman</strong></span> <span class='ocrx_word' id='word_1_65' title='bbox 316 1619 472 1699; x_wconf 89' lang='lat' dir='ltr'><strong>dicantur,</strong></span> <span class='ocrx_word' id='word_1_66' title='bbox 497 1642 575 1704; x_wconf 89' lang='lat' dir='ltr'><strong>quos</strong></span> <span class='ocrx_word' id='word_1_67' title='bbox 598 1619 698 1686; x_wconf 86' lang='lat' dir='ltr'><strong>latine</strong></span> <span class='ocrx_word' id='word_1_68' title='bbox 721 1620 854 1686; x_wconf 83' lang='lat' dir='ltr'><strong>dicimus</strong></span> <span class='ocrx_word' id='word_1_69' title='bbox 877 1643 897 1686; x_wconf 88' lang='lat' dir='ltr'><strong>a</strong></span> <span class='ocrx_word' id='word_1_70' title='bbox 918 1622 1169 1701; x_wconf 79' lang='lat' dir='ltr'><strong>commentariis,</strong></span> <span class='ocrx_word' id='word_1_71' title='bbox 1201 1644 1280 1707; x_wconf 90' lang='lat' dir='ltr'><strong>quos</strong></span> 
     </span>
     <span class='ocr_line' id='line_1_12' title="bbox 127 1723 1281 1812; baseline 0 -20"><span class='ocrx_word' id='word_1_72' title='bbox 127 1725 227 1792; x_wconf 86' lang='lat' dir='ltr'><strong>etiam</strong></span> <span class='ocrx_word' id='word_1_73' title='bbox 248 1724 348 1812; x_wconf 80' lang='lat' dir='ltr'><strong>aliqui</strong></span> <span class='ocrx_word' id='word_1_74' title='bbox 370 1726 538 1792; x_wconf 90' lang='lat' dir='ltr'><strong>nominant</strong></span> <span class='ocrx_word' id='word_1_75' title='bbox 559 1724 718 1810; x_wconf 87' lang='lat' dir='ltr'><strong>palatinos</strong></span> <span class='ocrx_word' id='word_1_76' title='bbox 730 1723 753 1789; x_wconf 78' lang='lat'><strong>³.</strong></span> <span class='ocrx_word' id='word_1_77' title='bbox 800 1725 851 1790; x_wconf 83' lang='lat' dir='ltr'><strong>Ex</strong></span> <span class='ocrx_word' id='word_1_78' title='bbox 873 1725 934 1792; x_wconf 87' lang='lat' dir='ltr'><strong>hac</strong></span> <span class='ocrx_word' id='word_1_79' title='bbox 956 1747 1032 1812; x_wconf 87' lang='lat' dir='ltr'><strong>ergo</strong></span> <span class='ocrx_word' id='word_1_80' title='bbox 1047 1725 1173 1793; x_wconf 83' lang='lat' dir='ltr'><strong>familia</strong></span> <span class='ocrx_word' id='word_1_81' title='bbox 1194 1725 1281 1792; x_wconf 85' lang='lat' dir='ltr'><strong>aesti-</strong></span> 
     </span>
     <span class='ocr_line' id='line_1_13' title="bbox 127 1830 1280 1918; baseline 0.001 -20"><span class='ocrx_word' id='word_1_82' title='bbox 127 1853 181 1898; x_wconf 93' lang='lat' dir='ltr'><strong>mo</strong></span> <span class='ocrx_word' id='word_1_83' title='bbox 204 1831 338 1916; x_wconf 90' lang='lat' dir='ltr'><strong>antiquo</strong></span> <span class='ocrx_word' id='word_1_84' title='bbox 360 1836 502 1917; x_wconf 87' lang='lat' dir='ltr'><strong>tempore</strong></span> <span class='ocrx_word' id='word_1_85' title='bbox 524 1831 663 1916; x_wconf 86' lang='lat' dir='ltr'><strong>aliquem</strong></span> <span class='ocrx_word' id='word_1_86' title='bbox 687 1830 845 1918; x_wconf 81' lang='lat' dir='ltr'><strong>insignem</strong></span> <span class='ocrx_word' id='word_1_87' title='bbox 875 1830 1076 1915; x_wconf 88' lang='lat' dir='ltr'><strong>imperatoris</strong></span> <span class='ocrx_word' id='word_1_88' title='bbox 1109 1831 1280 1899; x_wconf 84' lang='lat' dir='ltr'><strong>officialem</strong></span> 
     </span>
     <span class='ocr_line' id='line_1_14' title="bbox 126 1935 1279 2024; baseline 0.001 -20"><span class='ocrx_word' id='word_1_89' title='bbox 126 1937 236 2017; x_wconf 81' lang='lat' dir='ltr'><strong>fuisse,</strong></span> <span class='ocrx_word' id='word_1_90' title='bbox 261 1959 280 2000; x_wconf 91' lang='lat' dir='ltr'><strong>a</strong></span> <span class='ocrx_word' id='word_1_91' title='bbox 302 1958 367 2022; x_wconf 94' lang='lat' dir='ltr'><strong>quo</strong></span> <span class='ocrx_word' id='word_1_92' title='bbox 388 1941 458 2002; x_wconf 90' lang='lat' dir='ltr'><strong>tota</strong></span> <span class='ocrx_word' id='word_1_93' title='bbox 480 1935 669 2024; x_wconf 77' lang='lat' dir='ltr'><strong>genealogia</strong></span> <span class='ocrx_word' id='word_1_94' title='bbox 691 1957 805 2002; x_wconf 90' lang='lat' dir='ltr'><strong>nomen</strong></span> <span class='ocrx_word' id='word_1_95' title='bbox 828 1936 944 2002; x_wconf 80' lang='lat' dir='ltr'><strong>sortita</strong></span> <span class='ocrx_word' id='word_1_96' title='bbox 959 1941 1015 2002; x_wconf 86' lang='lat' dir='ltr'><strong>est.</strong></span> <span class='ocrx_word' id='word_1_97' title='bbox 1060 1937 1279 2005; x_wconf 88' lang='lat' dir='ltr'><strong>Memorantur</strong></span> 
     </span>
     <span class='ocr_line' id='line_1_15' title="bbox 126 2041 1279 2128; baseline 0 -19"><span class='ocrx_word' id='word_1_98' title='bbox 126 2047 236 2110; x_wconf 90' lang='lat' dir='ltr'><strong>autem</strong></span> <span class='ocrx_word' id='word_1_99' title='bbox 260 2041 361 2126; x_wconf 90' lang='lat' dir='ltr'><strong>primo</strong></span> <span class='ocrx_word' id='word_1_100' title='bbox 382 2041 544 2108; x_wconf 75' lang='lat' dir='ltr'><strong>habitasse</strong></span> <span class='ocrx_word' id='word_1_101' title='bbox 566 2041 600 2106; x_wconf 90' lang='lat' dir='ltr'><strong>in</strong></span> <span class='ocrx_word' id='word_1_102' title='bbox 622 2041 820 2128; x_wconf 79' lang='lat' dir='ltr'><strong>Laugingcn‚</strong></span> <span class='ocrx_word' id='word_1_103' title='bbox 844 2041 931 2106; x_wconf 89' lang='lat' dir='ltr'><strong>etin</strong></span> <span class='ocrx_word' id='word_1_104' title='bbox 955 2041 1112 2108; x_wconf 89' lang='lat' dir='ltr'><strong>disturbio</strong></span> <span class='ocrx_word' id='word_1_105' title='bbox 1135 2042 1279 2110; x_wconf 85' lang='lat' dir='ltr'><strong>totaliter</strong></span> 
     </span>
     <span class='ocr_line' id='line_1_16' title="bbox 126 2147 1280 2236; baseline -0.003 -20"><span class='ocrx_word' id='word_1_106' title='bbox 126 2149 300 2234; x_wconf 81' lang='lat' dir='ltr'><strong>emigrasse</strong></span> <span class='ocrx_word' id='word_1_107' title='bbox 314 2148 349 2214; x_wconf 90' lang='lat' dir='ltr'><strong>in</strong></span> <span class='ocrx_word' id='word_1_108' title='bbox 365 2147 607 2233; x_wconf 74' lang='lat' dir='ltr'><strong>Gundelfingcu</strong></span> <span class='ocrx_word' id='word_1_109' title='bbox 631 2151 704 2231; x_wconf 89' lang='lat' dir='ltr'><strong>post</strong></span> <span class='ocrx_word' id='word_1_110' title='bbox 718 2152 843 2230; x_wconf 88' lang='lat' dir='ltr'><strong>tempus</strong></span> <span class='ocrx_word' id='word_1_111' title='bbox 859 2147 1035 2213; x_wconf 88' lang='lat' dir='ltr'><strong>ascendisse</strong></span> <span class='ocrx_word' id='word_1_112' title='bbox 1055 2147 1089 2212; x_wconf 93' lang='lat' dir='ltr'><strong>in</strong></span> <span class='ocrx_word' id='word_1_113' title='bbox 1106 2147 1280 2236; x_wconf 74' lang='lat' dir='ltr'><strong>Gunaburg</strong></span> 
     </span>
     <span class='ocr_line' id='line_1_17' title="bbox 124 2250 1279 2339; baseline -0.002 -17"><span class='ocrx_word' id='word_1_114' title='bbox 124 2254 255 2322; x_wconf 79' lang='lat' dir='ltr'><strong>atinde</strong></span> <span class='ocrx_word' id='word_1_115' title='bbox 279 2253 407 2320; x_wconf 86' lang='lat' dir='ltr'><strong>Ulmum</strong></span> <span class='ocrx_word' id='word_1_116' title='bbox 429 2253 565 2320; x_wconf 77' lang='lat' dir='ltr'><strong>intrasse</strong></span> <span class='ocrx_word' id='word_1_117' title='bbox 587 2275 659 2318; x_wconf 86' lang='lat' dir='ltr'><strong>cum</strong></span> <span class='ocrx_word' id='word_1_118' title='bbox 681 2253 785 2318; x_wconf 90' lang='lat' dir='ltr'><strong>multa</strong></span> <span class='ocrx_word' id='word_1_119' title='bbox 806 2250 995 2317; x_wconf 85' lang='lat' dir='ltr'><strong>substantia.</strong></span> <span class='ocrx_word' id='word_1_120' title='bbox 1042 2252 1086 2318; x_wconf 78' lang='lat' dir='ltr'><strong>ut</strong></span> <span class='ocrx_word' id='word_1_121' title='bbox 1115 2253 1192 2339; x_wconf 88' lang='lat' dir='ltr'><strong>quia</strong></span> <span class='ocrx_word' id='word_1_122' title='bbox 1217 2253 1279 2320; x_wconf 93' lang='lat' dir='ltr'><strong>im·</strong></span> 
     </span>
     <span class='ocr_line' id='line_1_18' title="bbox 125 2355 1278 2446; baseline -0.003 -19"><span class='ocrx_word' id='word_1_123' title='bbox 125 2365 255 2446; x_wconf 84' lang='lat' dir='ltr'><strong>perator</strong></span> <span class='ocrx_word' id='word_1_124' title='bbox 277 2381 401 2444; x_wconf 88' lang='lat' dir='ltr'><strong>semper</strong></span> <span class='ocrx_word' id='word_1_125' title='bbox 423 2359 521 2424; x_wconf 87' lang='lat' dir='ltr'><strong>habet</strong></span> <span class='ocrx_word' id='word_1_126' title='bbox 543 2357 578 2423; x_wconf 94' lang='lat' dir='ltr'><strong>in</strong></span> <span class='ocrx_word' id='word_1_127' title='bbox 600 2355 697 2425; x_wconf 90' lang='lat' dir='ltr'><strong>Ulma</strong></span> <span class='ocrx_word' id='word_1_128' title='bbox 719 2380 739 2422; x_wconf 87' lang='lat' dir='ltr'><strong>a</strong></span> <span class='ocrx_word' id='word_1_129' title='bbox 767 2356 1020 2438; x_wconf 79' lang='lat' dir='ltr'><strong>commentariis,</strong></span> <span class='ocrx_word' id='word_1_130' title='bbox 1052 2381 1146 2444; x_wconf 92' lang='lat' dir='ltr'><strong>quem</strong></span> <span class='ocrx_word' id='word_1_131' title='bbox 1175 2359 1278 2424; x_wconf 89' lang='lat' dir='ltr'><strong>omnis</strong></span> 
     </span>
    </p>
   </div>
   <div class='ocr_carea' id='block_1_6' title="bbox 123 2462 1278 2848">
    <p class='ocr_par' dir='ltr' id='par_1_6' title="bbox 123 2462 1278 2848">
     <span class='ocr_line' id='line_1_19' title="bbox 125 2462 1276 2558; baseline 0 -28"><span class='ocrx_word' id='word_1_132' title='bbox 125 2465 244 2552; x_wconf 81' lang='lat' dir='ltr'><strong>vulgus</strong></span> <span class='ocrx_word' id='word_1_133' title='bbox 270 2465 419 2558; x_wconf 80' lang='lat' dir='ltr'><strong>nominat</strong></span> <span class='ocrx_word' id='word_1_134' title='bbox 447 2487 592 2544; x_wconf 85' lang='lat' dir='ltr'><strong>amman,</strong></span> <span class='ocrx_word' id='word_1_135' title='bbox 621 2487 661 2529; x_wconf 89' lang='lat' dir='ltr'><strong>ne</strong></span> <span class='ocrx_word' id='word_1_136' title='bbox 691 2462 900 2548; x_wconf 73' lang='lat' dir='ltr'><strong>aequivocatio</strong></span> <span class='ocrx_word' id='word_1_137' title='bbox 932 2483 1070 2528; x_wconf 88' lang='lat' dir='ltr'><strong>errorem</strong></span> <span class='ocrx_word' id='word_1_138' title='bbox 1103 2463 1276 2546; x_wconf 78' lang='lat' dir='ltr'><strong>induceret,</strong></span> 
     </span>
     <span class='ocr_line' id='line_1_20' title="bbox 123 2565 1278 2656; baseline -0.002 -20"><span class='ocrx_word' id='word_1_139' title='bbox 123 2570 247 2656; x_wconf 87' lang='lat' dir='ltr'><strong>incepit</strong></span> <span class='ocrx_word' id='word_1_140' title='bbox 269 2569 391 2635; x_wconf 84' lang='lat' dir='ltr'><strong>familia</strong></span> <span class='ocrx_word' id='word_1_141' title='bbox 413 2570 460 2636; x_wconf 90' lang='lat' dir='ltr'><strong>ita</strong></span> <span class='ocrx_word' id='word_1_142' title='bbox 482 2568 637 2656; x_wconf 81' lang='lat' dir='ltr'><strong>appellari</strong></span> <span class='ocrx_word' id='word_1_143' title='bbox 661 2569 789 2634; x_wconf 87' lang='lat' dir='ltr'><strong>nomine</strong></span> <span class='ocrx_word' id='word_1_144' title='bbox 811 2567 920 2653; x_wconf 92' lang='lat' dir='ltr'><strong>oppidi</strong></span> <span class='ocrx_word' id='word_1_145' title='bbox 943 2590 962 2632; x_wconf 88' lang='lat' dir='ltr'><strong>a</strong></span> <span class='ocrx_word' id='word_1_146' title='bbox 985 2589 1048 2652; x_wconf 93' lang='lat' dir='ltr'><strong>quo</strong></span> <span class='ocrx_word' id='word_1_147' title='bbox 1071 2565 1200 2634; x_wconf 82' lang='lat' dir='ltr'><strong>Ulmum</strong></span> <span class='ocrx_word' id='word_1_148' title='bbox 1223 2569 1278 2634; x_wconf 90' lang='lat' dir='ltr'><strong>de-</strong></span> 
     </span>
     <span class='ocr_line' id='line_1_21' title="bbox 124 2672 1277 2761; baseline -0.002 -19"><span class='ocrx_word' id='word_1_149' title='bbox 124 2676 226 2754; x_wconf 85' lang='lat' dir='ltr'><strong>venit,</strong></span> <span class='ocrx_word' id='word_1_150' title='bbox 250 2675 389 2760; x_wconf 87' lang='lat' dir='ltr'><strong>dictique</strong></span> <span class='ocrx_word' id='word_1_151' title='bbox 412 2679 488 2740; x_wconf 89' lang='lat' dir='ltr'><strong>sunt</strong></span> <span class='ocrx_word' id='word_1_152' title='bbox 511 2673 720 2761; x_wconf 80' lang='lat' dir='ltr'><strong>Gunzburgor</strong></span> <span class='ocrx_word' id='word_1_153' title='bbox 742 2695 842 2759; x_wconf 85' lang='lat' dir='ltr'><strong>usque</strong></span> <span class='ocrx_word' id='word_1_154' title='bbox 872 2672 967 2738; x_wconf 92' lang='lat' dir='ltr'><strong>hodie</strong></span> <span class='ocrx_word' id='word_1_155' title='bbox 997 2677 1030 2738; x_wconf 88' lang='lat' dir='ltr'><strong>et</strong></span> <span class='ocrx_word' id='word_1_156' title='bbox 1059 2672 1164 2740; x_wconf 89' lang='lat' dir='ltr'><strong>habiti</strong></span> <span class='ocrx_word' id='word_1_157' title='bbox 1195 2673 1277 2740; x_wconf 81' lang='lat' dir='ltr'><strong>cives</strong></span> 
     </span>
     <span class='ocr_line' id='line_1_22' title="bbox 123 2779 740 2848; baseline -0.003 0"><span class='ocrx_word' id='word_1_158' title='bbox 123 2779 329 2848; x_wconf 88' lang='lat' dir='ltr'><strong>honorabiles</strong></span> <span class='ocrx_word' id='word_1_159' title='bbox 352 2781 386 2847; x_wconf 91' lang='lat' dir='ltr'><strong>in</strong></span> <span class='ocrx_word' id='word_1_160' title='bbox 408 2803 540 2848; x_wconf 89' lang='lat' dir='ltr'><strong>numero</strong></span> <span class='ocrx_word' id='word_1_161' title='bbox 562 2781 740 2848; x_wconf 85' lang='lat' dir='ltr'><strong>tertiorum.</strong></span> 
     </span>
    </p>
   </div>
   <div class='ocr_carea' id='block_1_7' title="bbox 588 2955 811 3022">
    <p class='ocr_par' dir='ltr' id='par_1_7' title="bbox 588 2955 811 3022">
     <span class='ocr_line' id='line_1_23' title="bbox 588 2955 811 3022; baseline -0.009 0"><span class='ocrx_word' id='word_1_162' title='bbox 588 2955 811 3022; x_wconf 83' lang='lat' dir='ltr'><strong>Haiden‘.</strong></span> 
     </span>
    </p>
   </div>
   <div class='ocr_carea' id='block_1_8' title="bbox 121 3091 1278 3712">
    <p class='ocr_par' dir='ltr' id='par_1_8' title="bbox 121 3091 1278 3712">
     <span class='ocr_line' id='line_1_24' title="bbox 213 3091 1277 3178; baseline -0.006 -14"><span class='ocrx_word' id='word_1_163' title='bbox 213 3097 422 3164; x_wconf 85' lang='lat' dir='ltr'><strong>Heidensium</strong></span> <span class='ocrx_word' id='word_1_164' title='bbox 448 3095 583 3161; x_wconf 88' lang='lat' dir='ltr'><strong>honesta</strong></span> <span class='ocrx_word' id='word_1_165' title='bbox 612 3099 644 3160; x_wconf 87' lang='lat' dir='ltr'><strong>et</strong></span> <span class='ocrx_word' id='word_1_166' title='bbox 678 3093 810 3178; x_wconf 88' lang='lat' dir='ltr'><strong>antiqua</strong></span> <span class='ocrx_word' id='word_1_167' title='bbox 842 3091 966 3159; x_wconf 86' lang='lat' dir='ltr'><strong>familia</strong></span> <span class='ocrx_word' id='word_1_168' title='bbox 996 3115 1053 3158; x_wconf 91' lang='lat' dir='ltr'><strong>suo</strong></span> <span class='ocrx_word' id='word_1_169' title='bbox 1083 3093 1117 3157; x_wconf 91' lang='lat' dir='ltr'><strong>in</strong></span> <span class='ocrx_word' id='word_1_170' title='bbox 1149 3091 1277 3158; x_wconf 87' lang='lat' dir='ltr'><strong>nomine</strong></span> 
     </span>
     <span class='ocr_line' id='line_1_25' title="bbox 126 3180 1278 3288; baseline -0.007 -18"><span class='ocrx_word' id='word_1_171' title='bbox 126 3208 319 3272; x_wconf 84' lang='lat' dir='ltr'><strong>vetustatem</strong></span> <span class='ocrx_word' id='word_1_172' title='bbox 341 3201 522 3288; x_wconf 73' lang='lat' dir='ltr'><strong>praeferens,</strong></span> <span class='ocrx_word' id='word_1_173' title='bbox 545 3199 621 3286; x_wconf 89' lang='lat' dir='ltr'><strong>quia</strong></span> <span class='ocrx_word' id='word_1_174' title='bbox 650 3198 696 3264; x_wconf 89' lang='lat' dir='ltr'><strong>sic</strong></span> <span class='ocrx_word' id='word_1_175' title='bbox 728 3197 805 3264; x_wconf 89' lang='lat' dir='ltr'><strong>dicti</strong></span> <span class='ocrx_word' id='word_1_176' title='bbox 839 3219 858 3262; x_wconf 94' lang='lat' dir='ltr'><strong>a</strong></span> <span class='ocrx_word' id='word_1_177' title='bbox 889 3180 1052 3262; x_wconf 83' lang='lat' dir='ltr'><strong>nonnullis</strong></span> <span class='ocrx_word' id='word_1_178' title='bbox 1079 3195 1278 3263; x_wconf 71' lang='lat' dir='ltr'><strong>aestimentur</strong></span> 
     </span>
     <span class='ocr_line' id='line_1_26' title="bbox 121 3301 1275 3394; baseline -0.007 -20"><span class='ocrx_word' id='word_1_179' title='bbox 121 3331 182 3394; x_wconf 88' lang='lat' dir='ltr'><strong>pro</strong></span> <span class='ocrx_word' id='word_1_180' title='bbox 205 3331 242 3374; x_wconf 93' lang='lat' dir='ltr'><strong>eo</strong></span> <span class='ocrx_word' id='word_1_181' title='bbox 265 3308 349 3394; x_wconf 93' lang='lat' dir='ltr'><strong>quod</strong></span> <span class='ocrx_word' id='word_1_182' title='bbox 371 3307 446 3373; x_wconf 92' lang='lat' dir='ltr'><strong>dum</strong></span> <span class='ocrx_word' id='word_1_183' title='bbox 470 3305 547 3370; x_wconf 93' lang='lat' dir='ltr'><strong>olim</strong></span> <span class='ocrx_word' id='word_1_184' title='bbox 574 3329 593 3369; x_wconf 88' lang='lat' dir='ltr'><strong>a</strong></span> <span class='ocrx_word' id='word_1_185' title='bbox 623 3303 810 3390; x_wconf 89' lang='lat' dir='ltr'><strong>paganismo</strong></span> <span class='ocrx_word' id='word_1_186' title='bbox 842 3301 985 3369; x_wconf 89' lang='lat' dir='ltr'><strong>conversi</strong></span> <span class='ocrx_word' id='word_1_187' title='bbox 1008 3301 1175 3368; x_wconf 89' lang='lat' dir='ltr'><strong>christiani</strong></span> <span class='ocrx_word' id='word_1_188' title='bbox 1197 3301 1275 3368; x_wconf 85' lang='lat' dir='ltr'><strong>fecti</strong></span> 
     </span>
     <span class='ocr_line' id='line_1_27' title="bbox 122 3407 1276 3497; baseline -0.005 -19"><span class='ocrx_word' id='word_1_189' title='bbox 122 3413 261 3480; x_wconf 81' lang='lat' dir='ltr'><strong>fuissent</strong></span> <span class='ocrx_word' id='word_1_190' title='bbox 283 3417 316 3478; x_wconf 87' lang='lat' dir='ltr'><strong>et</strong></span> <span class='ocrx_word' id='word_1_191' title='bbox 338 3413 421 3497; x_wconf 86' lang='lat' dir='ltr'><strong>apud</strong></span> <span class='ocrx_word' id='word_1_192' title='bbox 444 3431 587 3496; x_wconf 86' lang='lat' dir='ltr'><strong>paganos</strong></span> <span class='ocrx_word' id='word_1_193' title='bbox 609 3408 811 3474; x_wconf 87' lang='lat' dir='ltr'><strong>honorabiles</strong></span> <span class='ocrx_word' id='word_1_194' title='bbox 841 3407 1039 3486; x_wconf 85' lang='lat' dir='ltr'><strong>extitissent,</strong></span> <span class='ocrx_word' id='word_1_195' title='bbox 1073 3427 1187 3472; x_wconf 91' lang='lat' dir='ltr'><strong>nomen</strong></span> <span class='ocrx_word' id='word_1_196' title='bbox 1220 3429 1276 3492; x_wconf 87' lang='lat' dir='ltr'><strong>pa-</strong></span> 
     </span>
     <span class='ocr_line' id='line_1_28' title="bbox 122 3511 1275 3605; baseline -0.008 -20"><span class='ocrx_word' id='word_1_197' title='bbox 122 3519 280 3605; x_wconf 87' lang='lat' dir='ltr'><strong>ganitatis</strong></span> <span class='ocrx_word' id='word_1_198' title='bbox 303 3540 366 3584; x_wconf 74' lang='lat' dir='ltr'><strong>suae</strong></span> <span class='ocrx_word' id='word_1_199' title='bbox 388 3516 589 3583; x_wconf 86' lang='lat' dir='ltr'><strong>retinuerunt</strong></span> <span class='ocrx_word' id='word_1_200' title='bbox 611 3515 708 3582; x_wconf 86' lang='lat' dir='ltr'><strong>etiem</strong></span> <span class='ocrx_word' id='word_1_201' title='bbox 730 3517 804 3599; x_wconf 89' lang='lat' dir='ltr'><strong>post</strong></span> <span class='ocrx_word' id='word_1_202' title='bbox 827 3512 1019 3598; x_wconf 86' lang='lat' dir='ltr'><strong>baptismum</strong></span> <span class='ocrx_word' id='word_1_203' title='bbox 1049 3533 1150 3597; x_wconf 87' lang='lat' dir='ltr'><strong>usque</strong></span> <span class='ocrx_word' id='word_1_204' title='bbox 1172 3511 1275 3576; x_wconf 89' lang='lat' dir='ltr'><strong>hodie.</strong></span> 
     </span>
     <span class='ocr_line' id='line_1_29' title="bbox 124 3617 1276 3712; baseline -0.009 -19"><span class='ocrx_word' id='word_1_205' title='bbox 124 3625 239 3712; x_wconf 84' lang='lat' dir='ltr'><strong>Aliqui</strong></span> <span class='ocrx_word' id='word_1_206' title='bbox 262 3647 335 3692; x_wconf 83' lang='lat' dir='ltr'><strong>vero</strong></span> <span class='ocrx_word' id='word_1_207' title='bbox 358 3625 484 3704; x_wconf 73' lang='lat' dir='ltr'><strong>dicum,</strong></span> <span class='ocrx_word' id='word_1_208' title='bbox 516 3621 600 3708; x_wconf 91' lang='lat' dir='ltr'><strong>quod</strong></span> <span class='ocrx_word' id='word_1_209' title='bbox 631 3621 734 3708; x_wconf 87' lang='lat' dir='ltr'><strong>magis</strong></span> <span class='ocrx_word' id='word_1_210' title='bbox 764 3619 875 3698; x_wconf 81' lang='lat' dir='ltr'><strong>credo,</strong></span> <span class='ocrx_word' id='word_1_211' title='bbox 907 3640 960 3684; x_wconf 88' lang='lat' dir='ltr'><strong>eos</strong></span> <span class='ocrx_word' id='word_1_212' title='bbox 989 3622 1076 3683; x_wconf 85' lang='lat' dir='ltr'><strong>ortos</strong></span> <span class='ocrx_word' id='word_1_213' title='bbox 1098 3639 1137 3683; x_wconf 87' lang='lat' dir='ltr'><strong>ex</strong></span> <span class='ocrx_word' id='word_1_214' title='bbox 1159 3617 1276 3702; x_wconf 92' lang='lat' dir='ltr'><strong>oppido</strong></span> 
     </span>
    </p>
   </div>
   <div class='ocr_carea' id='block_1_9' title="bbox 693 3755 711 3794">
    <p class='ocr_par' dir='ltr' id='par_1_9' title="bbox 693 3755 711 3794">
     <span class='ocr_line' id='line_1_30' title="bbox 693 3755 711 3794; baseline 0 0"><span class='ocrx_word' id='word_1_215' title='bbox 693 3755 711 3794; x_wconf 64' lang='lat' dir='ltr'>ss</span> 
     </span>
    </p>
   </div>
   <div class='ocr_carea' id='block_1_10' title="bbox 122 3850 1276 4444">
    <p class='ocr_par' dir='ltr' id='par_1_10' title="bbox 122 3850 1276 4444">
     <span class='ocr_line' id='line_1_31' title="bbox 196 3850 1276 3928; baseline -0.006 -15"><span class='ocrx_word' id='word_1_216' title='bbox 196 3857 414 3928; x_wconf 81' lang='lat' dir='ltr'><strong>lGltnaburger</strong></span> <span class='ocrx_word' id='word_1_217' title='bbox 438 3856 559 3912; x_wconf 86' lang='lat' dir='ltr'><strong>Schmid.</strong></span> <span class='ocrx_word' id='word_1_218' title='bbox 606 3854 803 3924; x_wconf 82' lang='lat' dir='ltr'><strong>Guntrburger</strong></span> <span class='ocrx_word' id='word_1_219' title='bbox 826 3851 926 3908; x_wconf 73' lang='lat' dir='ltr'><strong>hobed,</strong></span> <span class='ocrx_word' id='word_1_220' title='bbox 950 3850 1036 3906; x_wconf 89' lang='lat' dir='ltr'><strong>Wibl.</strong></span> <span class='ocrx_word' id='word_1_221' title='bbox 1078 3850 1276 3922; x_wconf 78' lang='lat' dir='ltr'><strong>Guntaburger</strong></span> 
     </span>
     <span class='ocr_line' id='line_1_32' title="bbox 124 3937 1276 4014; baseline -0.008 -12"><span class='ocrx_word' id='word_1_222' title='bbox 124 3947 170 4002; x_wconf 75' lang='lat' dir='ltr'><strong>lil·</strong></span> <span class='ocrx_word' id='word_1_223' title='bbox 208 3945 248 4000; x_wconf 90' lang='lat' dir='ltr'><strong>De</strong></span> <span class='ocrx_word' id='word_1_224' title='bbox 266 3943 531 4014; x_wconf 78' lang='lat' dir='ltr'><strong>Gunaburgensihus</strong></span> <span class='ocrx_word' id='word_1_225' title='bbox 554 3943 623 3999; x_wconf 79' lang='lat' dir='ltr'><strong>(ioh.</strong></span> <span class='ocrx_word' id='word_1_226' title='bbox 659 3941 699 3996; x_wconf 88' lang='lat' dir='ltr'><strong>De</strong></span> <span class='ocrx_word' id='word_1_227' title='bbox 721 3939 978 4009; x_wconf 81' lang='lat' dir='ltr'><strong>Ginaburgensibus</strong></span> <span class='ocrx_word' id='word_1_228' title='bbox 1002 3939 1073 3996; x_wconf 77' lang='lat' dir='ltr'><strong>Besa.</strong></span> <span class='ocrx_word' id='word_1_229' title='bbox 1115 3937 1156 3994; x_wconf 87' lang='lat' dir='ltr'><strong>Da</strong></span> <span class='ocrx_word' id='word_1_230' title='bbox 1180 3938 1276 3993; x_wconf 83' lang='lat' dir='ltr'><strong>Ginta·</strong></span> 
     </span>
     <span class='ocr_line' id='line_1_33' title="bbox 123 4027 1274 4105; baseline -0.007 -17"><span class='ocrx_word' id='word_1_231' title='bbox 123 4031 342 4105; x_wconf 84' lang='lat' dir='ltr'><strong>burgerensibus</strong></span> <span class='ocrx_word' id='word_1_232' title='bbox 366 4033 438 4090; x_wconf 84' lang='lat' dir='ltr'><strong>lton.</strong></span> <span class='ocrx_word' id='word_1_233' title='bbox 467 4031 492 4088; x_wconf 81' lang='lat'><strong>2.</strong></span> <span class='ocrx_word' id='word_1_234' title='bbox 588 4027 884 4094; x_wconf 78' lang='lat' dir='ltr'><strong>2Gdnaburgensium</strong></span> <span class='ocrx_word' id='word_1_235' title='bbox 908 4027 977 4084; x_wconf 83' lang='lat' dir='ltr'><strong>Goh.</strong></span> <span class='ocrx_word' id='word_1_236' title='bbox 1020 4027 1274 4096; x_wconf 82' lang='lat' dir='ltr'><strong>Ginzburgensium</strong></span> 
     </span>
     <span class='ocr_line' id='line_1_34' title="bbox 123 4113 1273 4190; baseline -0.01 -12"><span class='ocrx_word' id='word_1_237' title='bbox 123 4121 226 4178; x_wconf 85' lang='lat' dir='ltr'><strong>Schad.</strong></span> <span class='ocrx_word' id='word_1_238' title='bbox 247 4121 292 4176; x_wconf 83' lang='lat' dir='ltr'><strong>Ill.</strong></span> <span class='ocrx_word' id='word_1_239' title='bbox 311 4119 384 4176; x_wconf 84' lang='lat' dir='ltr'><strong>Besa.</strong></span> <span class='ocrx_word' id='word_1_240' title='bbox 426 4118 708 4190; x_wconf 81' lang='lat' dir='ltr'><strong>Ginzburgeransium</strong></span> <span class='ocrx_word' id='word_1_241' title='bbox 732 4115 854 4172; x_wconf 85' lang='lat' dir='ltr'><strong>Schmid.</strong></span> <span class='ocrx_word' id='word_1_242' title='bbox 880 4115 965 4170; x_wconf 89' lang='lat' dir='ltr'><strong>Wibl.</strong></span> <span class='ocrx_word' id='word_1_243' title='bbox 1008 4113 1273 4180; x_wconf 79' lang='lat' dir='ltr'><strong>Gintaburgensium</strong></span> 
     </span>
     <span class='ocr_line' id='line_1_35' title="bbox 123 4200 1275 4279; baseline -0.01 -13"><span class='ocrx_word' id='word_1_244' title='bbox 123 4209 197 4268; x_wconf 80' lang='lat' dir='ltr'><strong>hicn.</strong></span> <span class='ocrx_word' id='word_1_245' title='bbox 218 4211 243 4264; x_wconf 81' lang='lat'><strong>2.</strong></span> <span class='ocrx_word' id='word_1_246' title='bbox 315 4211 332 4263; x_wconf 83' lang='lat'>3</span> <span class='ocrx_word' id='word_1_247' title='bbox 350 4207 481 4279; x_wconf 85' lang='lat' dir='ltr'><strong>palatina</strong></span> <span class='ocrx_word' id='word_1_248' title='bbox 499 4207 602 4262; x_wconf 86' lang='lat' dir='ltr'><strong>militia</strong></span> <span class='ocrx_word' id='word_1_249' title='bbox 620 4209 663 4262; x_wconf 84' lang='lat' dir='ltr'><strong>ast</strong></span> <span class='ocrx_word' id='word_1_250' title='bbox 681 4222 784 4268; x_wconf 87' lang='lat' dir='ltr'><strong>eorum,</strong></span> <span class='ocrx_word' id='word_1_251' title='bbox 802 4203 850 4274; x_wconf 90' lang='lat' dir='ltr'><strong>qui</strong></span> <span class='ocrx_word' id='word_1_252' title='bbox 870 4221 970 4258; x_wconf 84' lang='lat' dir='ltr'><strong>munus</strong></span> <span class='ocrx_word' id='word_1_253' title='bbox 989 4202 1019 4256; x_wconf 92' lang='lat' dir='ltr'><strong>in</strong></span> <span class='ocrx_word' id='word_1_254' title='bbox 1037 4201 1181 4274; x_wconf 87' lang='lat' dir='ltr'><strong>republica</strong></span> <span class='ocrx_word' id='word_1_255' title='bbox 1199 4200 1275 4272; x_wconf 88' lang='lat' dir='ltr'><strong>prin·</strong></span> 
     </span>
     <span class='ocr_line' id='line_1_36' title="bbox 122 4287 1276 4370; baseline -0.011 -16"><span class='ocrx_word' id='word_1_256' title='bbox 122 4298 192 4370; x_wconf 78' lang='lat' dir='ltr'><strong>cipis</strong></span> <span class='ocrx_word' id='word_1_257' title='bbox 212 4298 324 4353; x_wconf 88' lang='lat' dir='ltr'><strong>nomine</strong></span> <span class='ocrx_word' id='word_1_258' title='bbox 342 4297 458 4367; x_wconf 83' lang='lat' dir='ltr'><strong>gerunt,</strong></span> <span class='ocrx_word' id='word_1_259' title='bbox 477 4297 544 4365; x_wconf 86' lang='lat' dir='ltr'><strong>sagt</strong></span> <span class='ocrx_word' id='word_1_260' title='bbox 560 4295 610 4350; x_wconf 88' lang='lat' dir='ltr'><strong>der</strong></span> <span class='ocrx_word' id='word_1_261' title='bbox 628 4292 828 4352; x_wconf 84' lang='lat' dir='ltr'><strong>Nomenclator</strong></span> <span class='ocrx_word' id='word_1_262' title='bbox 852 4291 899 4346; x_wconf 87' lang='lat' dir='ltr'><strong>des</strong></span> <span class='ocrx_word' id='word_1_263' title='bbox 920 4289 1079 4345; x_wconf 84' lang='lat' dir='ltr'><strong>Hadrianus</strong></span> <span class='ocrx_word' id='word_1_264' title='bbox 1101 4288 1201 4344; x_wconf 87' lang='lat' dir='ltr'><strong>Junius</strong></span> <span class='ocrx_word' id='word_1_265' title='bbox 1220 4287 1276 4342; x_wconf 86' lang='lat' dir='ltr'><strong>hle·</strong></span> 
     </span>
     <span class='ocr_line' id='line_1_37' title="bbox 122 4374 1274 4444; baseline -0.012 -2"><span class='ocrx_word' id='word_1_266' title='bbox 122 4385 200 4443; x_wconf 71' lang='lat' dir='ltr'><strong>dicus</strong></span> <span class='ocrx_word' id='word_1_267' title='bbox 218 4385 344 4442; x_wconf 73' lang='lat' dir='ltr'><strong>Francos.</strong></span> <span class='ocrx_word' id='word_1_268' title='bbox 366 4383 431 4439; x_wconf 77' lang='grc'><strong>1591</strong></span> <span class='ocrx_word' id='word_1_269' title='bbox 451 4399 474 4438; x_wconf 81' lang='lat' dir='ltr'><strong>a</strong></span> <span class='ocrx_word' id='word_1_270' title='bbox 493 4383 554 4440; x_wconf 82' lang='lat'><strong>256.</strong></span> <span class='ocrx_word' id='word_1_271' title='bbox 640 4379 716 4437; x_wconf 78' lang='lat' dir='ltr'><strong>lDe</strong></span> <span class='ocrx_word' id='word_1_272' title='bbox 737 4379 923 4435; x_wconf 83' lang='lat' dir='ltr'><strong>llaidenaibua</strong></span> <span class='ocrx_word' id='word_1_273' title='bbox 941 4377 1009 4435; x_wconf 82' lang='lat' dir='ltr'><strong>Golr.</strong></span> <span class='ocrx_word' id='word_1_274' title='bbox 1032 4377 1102 4434; x_wconf 82' lang='lat' dir='ltr'><strong>Besa.</strong></span> <span class='ocrx_word' id='word_1_275' title='bbox 1139 4375 1179 4431; x_wconf 87' lang='lat' dir='ltr'><strong>De</strong></span> <span class='ocrx_word' id='word_1_276' title='bbox 1197 4374 1274 4444; x_wconf 82' lang='lat' dir='ltr'><strong>Hay·</strong></span> 
     </span>
    </p>
   </div>
   <div class='ocr_carea' id='block_1_11' title="bbox 122 4473 391 4532">
    <p class='ocr_par' dir='ltr' id='par_1_11' title="bbox 122 4473 391 4532">
     <span class='ocr_line' id='line_1_38' title="bbox 122 4473 391 4532; baseline -0.007 -2"><span class='ocrx_word' id='word_1_277' title='bbox 122 4475 254 4532; x_wconf 82' lang='lat' dir='ltr'><strong>domibus</strong></span> <span class='ocrx_word' id='word_1_278' title='bbox 275 4473 347 4530; x_wconf 82' lang='lat' dir='ltr'><strong>lton.</strong></span> <span class='ocrx_word' id='word_1_279' title='bbox 366 4473 391 4528; x_wconf 82' lang='lat'><strong>2.</strong></span> 
     </span>
    </p>
   </div>
   <div class='ocr_carea' id='block_1_12' title="bbox 0 0 1540 4936">
    <p class='ocr_par' dir='ltr' id='par_1_12' title="bbox 0 0 1540 4936">
     <span class='ocr_line' id='line_1_39' title="bbox 0 0 1540 4936; baseline 0 2"><span class='ocrx_word' id='word_1_280' title='bbox 0 0 1540 4936; x_wconf 95' lang='lat' dir='ltr'><strong> </strong></span> 
     </span>
    </p>
   </div>
  </div>
 </body>
</html>
