3014 4926
661 392 703 458 89

268 565 348 642 Quia
369 565 473 632 solent
495 568 587 652 pueri
609 569 712 655 primo
734 567 903 635 titubando

267 671 412 739 Proferre
433 674 487 738 vix
510 672 640 740 dimidia
662 675 759 740 verba
780 673 1005 740 detruncando.

267 776 354 844 Solet
375 779 459 844 enim
482 778 588 844 labilis
611 779 772 845 infantum
795 779 949 864 cespitare

186 901 239 940 θεοῦ
263 883 388 969 Lingua
410 884 513 969 primo
537 885 634 950 donec
656 885 778 951 discant
800 885 933 952 verbula
954 883 1100 950 formare.

267 987 340 1053 Non
362 989 407 1054 sic
430 987 523 1055 Jesus
546 991 718 1058 successive
741 991 844 1077 primo
866 991 1049 1076 cespitundo

266 1092 425 1159 Paulatim
446 1094 534 1180 loqui
556 1095 678 1177 didicit,
701 1097 755 1162 scd
777 1097 902 1182 integre
923 1095 1091 1161 formando

265 1199 373 1264 Verba
393 1200 504 1264 stetim
526 1200 690 1285 proferens
712 1202 849 1287 perfecte
871 1201 1070 1288 loquebatur,
1125 1221 1130 1231 ·

267 1303 310 1370 Et
331 1305 364 1369 in
387 1305 493 1371 verbis
514 1305 653 1372 hesitare
676 1307 758 1374 nihil
781 1307 956 1386 ridebatur.

381 1621 435 1697 De
462 1621 715 1734 ablactatione
743 1623 849 1719 pueri
875 1623 900 1696 J
902 1645 979 1698 esu.

136 1825 139 1828 ’
186 1849 238 1887 ²⁵1⁰
266 1829 345 1896 Cum
366 1831 500 1896 duorum
522 1829 586 1896 iarn
609 1852 764 1896 annorum
786 1828 880 1896 Jesus
903 1835 985 1898 esset
1007 1836 1102 1898 uatus

265 1935 378 2001 Matris
401 1935 441 2000 ab
465 1935 614 2001 uberibus
636 1935 699 2001 fuit
721 1935 908 2002 ablactatus.

266 2039 340 2107 Non
362 2045 469 2110 tamen
492 2040 574 2106 sicut
596 2043 686 2136 pueri
709 2041 813 2108 solent
835 2040 997 2120 ablactari,

165 2211 172 2225 ,
266 2145 388 2224 Quibus
409 2167 563 2212 mammas
584 2147 743 2212 modicum
765 2151 814 2212 est
836 2146 1001 2210 amaricari

265 2250 409 2332 Necesse,
432 2253 516 2338 quod
539 2253 722 2318 abstineant
744 2257 874 2338 propter
895 2251 956 2316 hoc
977 2273 1130 2329 amarum,

186 2377 240 2417 ιω
266 2355 344 2424 Cum
368 2381 431 2443 quo
453 2362 571 2424 matres
593 2359 711 2422 liniunt
733 2379 888 2424 mammas
911 2379 984 2422 suas
1008 2377 1129 2440 parum.

266 2461 349 2528 Nam
372 2485 439 2529 rem
462 2485 603 2529 amaram
626 2464 765 2549 aliquam
787 2467 911 2548 ponunt
933 2485 1027 2547 super
1049 2462 1121 2527 illas

266 2567 327 2634 Per
348 2569 409 2636 hoc
429 2569 559 2636 horrere
581 2569 702 2636 iaciunt
724 2591 837 2654 pueros
860 2567 1026 2634 mamillas.

265 2671 340 2739 Non
363 2679 469 2740 autem
493 2697 571 2759 puer
592 2672 686 2740 Jesus
708 2677 777 2739 erat
799 2673 907 2738 taliter
929 2677 1056 2738 coactns

266 2777 445 2860 Abstinere,
468 2799 524 2845 nec
548 2803 566 2844 a
587 2779 699 2844 matris
722 2777 873 2844 uberibus
896 2777 1083 2856 abstractus,

185 2903 241 2942 που
268 2882 350 2950 Nam
374 2881 407 2951 se
428 2906 486 2950 suo
508 2887 650 2970 tempore
674 2884 809 2949 retraxit
831 2881 1028 2959 abstinendo,

266 2987 384 3075 Sponte
407 3011 465 3056 sus
486 3011 551 3056 non
574 3011 611 3056 ea
633 2991 736 3076 magis
760 2989 944 3075 oppetendo.

217 3359 223 3372 .
306 3303 399 3389 Quid
427 3303 538 3377 Jesus
565 3305 644 3399 egit
671 3307 756 3398 post
783 3303 908 3377 decem
937 3325 1065 3378 annos.

267 3511 436 3598 Postquam
460 3534 539 3598 puer
561 3511 654 3578 Jesus
678 3533 777 3577 annos
800 3511 905 3576 decem
928 3511 1123 3596 adimplevit,

267 3615 379 3682 Ridere
400 3639 564 3702 nunquam
589 3617 708 3702 aliquid
731 3620 841 3701 postea
863 3617 1046 3691 consuevit;

265 3719 375 3807 Neque
397 3721 518 3807 puerile
542 3723 618 3807 quid
641 3722 740 3808 gessit
763 3743 864 3806 neque
888 3722 969 3799 risit,

186 3843 241 3882 ²⁵¹⁵
265 3825 308 3891 Et
330 3827 462 3892 verbum
485 3827 553 3892 eine
574 3827 713 3912 pondere
734 3848 897 3911 nunquam
921 3831 993 3911 post
1016 3827 1130 3892 emisit.
1150 3825 1164 3864 ⁹
1207 3903 1211 3908 ,

265 3929 383 3998 'fernen
406 3932 558 4018 quiequid
580 3936 673 3998 antee
695 3955 774 4017 puer
796 3932 996 4017 loquebatur,
1116 3961 1119 3966 ·

263 4033 347 4102 Illud
369 4057 427 4103 nec
448 4036 561 4103 inutile
583 4036 653 4103 fore
675 4037 851 4115 videbatur,

265 4141 416 4218 Quamvis
439 4143 567 4208 modum
589 4143 742 4228 puerilem
765 4141 943 4208 infantulus
966 4147 1099 4222 teneret,

266 4247 310 4314 Ut
330 4248 430 4334 ipsius
451 4253 685 4314 sacramentum
707 4248 817 4314 taliter
838 4247 954 4314 lateret

187 4369 241 4408 που
266 4351 421 4419 Demones
443 4358 475 4420 et
497 4354 582 4440 quod
605 4355 645 4419 ab
667 4355 718 4420 his
741 4375 805 4420 non
827 4355 1081 4439 cognosceretur,

268 4455 376 4545 Neque
398 4459 483 4544 quod
506 4459 545 4524 ab
567 4457 674 4544 impiis
697 4459 855 4526 fantasma
878 4457 1043 4524 diceretur.
