3072 4936
687 329 749 393 125

140 509 174 570 et
196 505 340 590 ligantur
361 506 430 570 iure
452 505 629 585 communi,
659 509 692 570 et
713 507 855 590 gandent
877 505 1053 590 privilegiis
1076 507 1233 587 civitate,
1257 507 1290 571 in

139 633 205 694 qua
235 609 384 674 hubitant
413 611 462 674 vel
493 611 561 674 nuti
589 615 673 675 sunt.
721 609 874 696 (Joenncs
906 611 944 675 de
972 609 1146 676 Bombellis
1181 612 1290 676 consil.

143 715 282 780 venditio
304 715 455 780 introitus
477 716 656 781 commercii
674 715 702 795 ¹,
726 720 758 781 et
780 717 813 780 in
837 715 969 780 consilio
992 715 1111 781 Christi
1133 718 1261 782 nomine
1279 717 1292 754 ²

139 818 257 904 umen.)
304 818 449 905 Antiqua
471 820 671 887 Ulmensium
694 825 817 886 statuta
840 821 1022 901 continent,
1057 822 1140 906 quod
1163 827 1290 888 tantum

138 928 206 989 tres
229 923 380 989 deberent
401 925 447 988 ibi
470 947 537 989 esse
559 923 665 990 Judaei
691 948 763 990 cum
793 927 928 1012 signatis
951 926 1067 1004 servio,
1097 931 1129 991 et
1151 926 1292 992 iudaeus

139 1028 255 1114 hospes
271 1029 357 1094 ultra
368 1034 432 1094 tren
448 1028 513 1094 dies
529 1030 562 1094 in
573 1030 702 1096 civitate
715 1053 847 1096 monens
863 1032 949 1096 omni
966 1032 1016 1096 die
1030 1031 1151 1097 solvere
1167 1037 1294 1097 tenetur

139 1157 240 1199 unum
262 1133 427 1198 florenum.

227 1237 280 1304 Sic
302 1260 378 1326 ergo
401 1243 491 1323 putet
513 1239 551 1306 de
573 1245 694 1324 septem
710 1239 896 1304 differentiis
917 1239 1135 1306 habitatorum
1152 1242 1291 1306 civitatis

138 1345 312 1449 Utinensis.

706 1484 725 1524 Ἰ

213 1593 225 1646 l
245 1593 328 1648 comi.
347 1592 476 1648 vendicio
492 1591 625 1648 introitur
644 1591 771 1648 comercii
792 1593 841 1646 112
862 1593 934 1648 Mon.
952 1593 978 1646 2.
1013 1607 1086 1647 cons.
1107 1589 1231 1646 venditio
1249 1589 1292 1644 in·

139 1679 244 1734 troitus
262 1680 389 1736 comercii
401 1681 417 1734 2
430 1679 529 1734 Sched.
543 1678 577 1732 iil
623 1697 695 1734 conr.
710 1679 835 1736 venditio
854 1677 988 1736 introitus
1000 1677 1158 1734 commercii
1170 1675 1291 1732 Schmid.

139 1767 226 1822 Wibi.
262 1785 334 1823 cons.
355 1809 360 1822 .
382 1811 387 1823 .
407 1767 558 1839 illicitet..
580 1765 649 1824 Gok.
669 1767 743 1822 Boon.
815 1769 831 1822 2
849 1766 893 1822 dei
912 1767 1025 1824 nomino
1043 1766 1116 1822 Mon.
1134 1767 1158 1820 2.
