3072 4936
758 314 821 380 138

297 492 421 569 Quarta
443 489 565 554 decima
586 492 636 554 eet
658 488 848 554 rusticorum
860 489 883 568 ¹,
906 495 1041 570 terram,
1063 513 1177 576 agros,
1202 493 1314 558 vineas
1337 497 1374 558 et

213 598 322 662 hortos
352 596 491 661 colentes
525 596 558 658 in
590 617 654 678 qua
684 599 760 659 sunt
781 592 948 658 Francken
978 595 1073 676 dicti,
1107 601 1140 661 et
1162 597 1306 683 Kdgclin
1336 603 1373 662 et

212 699 324 768 Niter¹
347 705 380 766 et
401 701 497 765 ceteri
509 699 532 764 ⁸.

300 807 419 883 Quinta
441 806 562 871 decima
592 805 703 869 cunita
734 810 810 869 sunt
842 827 921 889 quos
953 807 1122 870 nominant
1144 805 1295 874 hlertzler
1319 811 1372 874 vel

213 913 379 996 Grempler
393 912 416 976 ⁴.
462 911 507 975 Et
538 915 614 974 sunt
650 910 698 973 illi
733 911 788 994 qui
818 914 950 996 pategas
978 911 1100 976 habeut
1130 918 1162 977 et
1193 914 1306 978 valvas
1336 915 1372 979 in

216 1019 332 1104 quibus
355 1019 480 1083 diversa
504 1017 654 1094 vendunt,
678 1016 799 1081 scilicet
820 1016 984 1100 bntyium,
1007 1017 1066 1096 sal,
1088 1017 1228 1098 tardum,
1251 1017 1373 1100 oleum,

216 1123 387 1210 legumina,
411 1124 534 1188 fructus
557 1126 615 1185 etc.

303 1227 400 1293 Sexta
422 1227 542 1291 decima
570 1224 680 1290 zunfta
703 1224 926 1289 scriniatorum
956 1229 988 1290 et
1011 1227 1265 1294 currificatorum
1279 1229 1310 1308 ⁶,
1339 1236 1375 1295 et

216 1356 336 1413 eorum,
360 1333 415 1416 qui
437 1332 562 1396 faciunt
583 1353 658 1394 vasa
680 1331 788 1414 lignea
802 1330 869 1394 sive
892 1332 932 1394 ad
954 1332 1065 1396 vinum
1087 1333 1154 1398 sive
1176 1335 1216 1398 ad
1240 1358 1373 1418 aquam,

217 1442 248 1504 in
273 1461 337 1523 qua
358 1441 434 1502 sunt
455 1436 564 1502 Sdrlin
587 1435 664 1500 dicti
686 1439 718 1499 et
740 1433 879 1500 Schlaiss
892 1437 914 1500 ⁶.

305 1544 436 1610 Decima
459 1543 596 1627 septima
618 1543 728 1606 zunfta
751 1546 800 1606 est
823 1541 1071 1606 balneatorum'
1093 1547 1127 1608 et
1149 1567 1315 1624 rasorum,
1338 1547 1375 1611 in

218 1672 282 1736 qua
304 1653 379 1712 sunt
401 1648 478 1712 dicti
501 1645 654 1712 Triesch⁸
677 1651 735 1711 etc.

306 1755 381 1818 lotae
398 1754 516 1818 zunftae
539 1775 648 1818 omnes
671 1755 746 1816 sunt
762 1752 887 1836 legibus
908 1753 1036 1836 scriptis
1052 1753 1207 1817 ordinatae
1230 1757 1263 1818 et
1284 1776 1377 1838 quae·

219 1861 298 1925 libet
320 1882 413 1924 suum
436 1859 534 1923 habet
556 1857 766 1942 magistrum,
789 1859 845 1942 qui
867 1863 915 1923 est
937 1859 976 1923 dc
998 1859 1184 1939 consulatu,
1207 1861 1241 1923 et
1262 1859 1376 1924 divisae

220 1971 296 2030 sunt
318 1966 454 2030 maiores
476 1961 595 2029 zunftae
617 1986 674 2048 per
696 1963 902 2043 societates⁹‚
932 1987 1003 2048 qnae
1034 1965 1131 2028 etiam
1154 1987 1230 2028 suos
1253 1964 1378 2028 habent

220 2070 404 2156 praefectos;
428 2092 485 2136 nec
500 2073 608 2134 tamen
631 2069 677 2132 ita
692 2073 816 2132 arctata
831 2073 907 2133 sunt
926 2069 1071 2149 artificia,
1094 2073 1131 2134 ut
1154 2068 1261 2132 nullus
1279 2089 1378 2134 ausus

223 2176 266 2240 sit
289 2175 350 2240 nisi
374 2175 412 2240 de
434 2175 544 2238 zunfta
566 2173 600 2238 in
623 2175 668 2238 eis
691 2177 829 2257 operari,
852 2175 907 2240 sed
929 2175 1065 2259 quilibet
1087 2175 1164 2239 civis
1187 2178 1295 2258 potest
1317 2197 1378 2259 pro

222 2302 279 2344 sua
302 2279 405 2358 dome,
428 2279 455 2344 si
478 2279 539 2343 scit
562 2278 742 2356 artificium,
765 2277 921 2359 laborare,
944 2283 976 2344 et
991 2280 1137 2364 quilibet,
1160 2279 1379 2364 cuiuscunque

223 2384 413 2449 conditioni·
436 2385 488 2463 sit,
514 2387 619 2466 potest
638 2405 761 2466 pannos
783 2384 817 2447 in
841 2407 898 2448 sua
921 2384 1015 2448 valve
1029 2385 1173 2461 vendere,
1197 2385 1245 2448 ite
1267 2389 1377 2450 tamen

222 2495 259 2553 ut
282 2489 403 2553 civitati
434 2489 538 2554 solvat
561 2492 698 2572 quatuor
728 2487 836 2553 libras.
883 2487 1037 2554 Similiter
1068 2493 1100 2554 et
1123 2489 1230 2554 lanam
1259 2489 1331 2555 fabi
1350 2491 1378 2528 ¹⁰

222 2599 329 2681 potest
350 2593 485 2678 quilibet
508 2594 650 2659 venalem
672 2593 799 2658 habere.

311 2698 361 2764 De
383 2699 434 2762 his
458 2703 491 2764 et
514 2699 585 2764 eliis
614 2697 895 2764 consuetudinibus
925 2700 1065 2764 civitatis
1088 2699 1252 2767 Ulmensis
1284 2701 1380 2784 plura

225 2827 349 2890 possem
364 2805 520 2869 notabilia
536 2826 675 2868 narrare.
706 2801 790 2868 Nam
809 2807 901 2869 tanto
917 2804 1022 2869 studio
1037 2805 1071 2869 et
1086 2804 1256 2889 diligentia
1272 2805 1378 2870 factus

226 2914 274 2975 est
295 2909 458 2974 civilitatis
482 2909 559 2973 ordo
582 2931 640 2992 pro
664 2907 778 2987 Ulmo,
811 2913 848 2973 ut
870 2909 897 2972 si
927 2910 998 2994 quis
1021 2909 1098 2974 velit
1121 2909 1229 2974 omnia
1251 2911 1379 2995 scriptis

224 3015 388 3095 mandare,
419 3014 556 3080 codicem
587 3013 740 3098 grandem
771 3018 933 3098 reportare
949 3012 976 3050 ¹¹
1009 3037 1134 3078 necesse
1164 3013 1256 3078 foret.
1304 3014 1379 3079 Non

226 3123 309 3185 enim
345 3120 485 3185 contenti
520 3117 650 3184 stabant
687 3119 811 3203 antiqui
841 3118 1009 3184 Ulmenses
1045 3119 1111 3183 suis
1145 3119 1287 3204 legibus,
1325 3122 1378 3186 scd

227 3225 362 3290 eliorum
385 3223 510 3310 legibus
533 3246 606 3288 suas
628 3222 832 3288 declarabant
855 3245 970 3308 easque
992 3223 1058 3287 suis
1078 3223 1271 3304 inserebant,
1296 3226 1379 3291 sicut

228 3330 351 3414 antiqui
376 3327 513 3394 Romani
538 3327 641 3393 facere
663 3331 912 3407 consueverunt,
944 3328 982 3392 de
1005 3329 1121 3412 quibus
1144 3329 1319 3413 Augustin.
1343 3331 1380 3395 de

227 3435 313 3501 civit.
346 3433 406 3499 Dei
430 3433 451 3498 l.
476 3435 506 3499 2.
531 3455 557 3498 6.
584 3433 624 3498 16
654 3432 731 3497 dicit
763 3431 892 3518 [digest.
926 3433 947 3496 l.
974 3434 1003 3497 1.
1026 3435 1078 3498 tit.
1102 3434 1132 3498 2.
1157 3435 1175 3517 ᾖ
1200 3434 1230 3498 3.
1255 3435 1303 3517 4.]
1336 3436 1380 3517 (et

794 3576 812 3615 *

303 3697 313 3748 1
337 3695 458 3748 Gbrtner
471 3693 540 3750 Gok.
555 3695 627 3748 Eece.
641 3711 687 3748 am
697 3693 792 3748 rande.
829 3693 845 3746 2
864 3692 1028 3747 Franckhen
1041 3693 1126 3747 Wibl.
1163 3692 1231 3750 dicti
1251 3695 1325 3750 fehlt
1337 3697 1379 3750 bei

230 3781 314 3836 Woll.
333 3780 403 3835 dicti
415 3783 443 3836 et
455 3781 527 3836 fehlt
539 3780 584 3834 bei
598 3781 666 3836 Gok.
697 3779 795 3848 Kygili
808 3780 880 3836 Mon.
895 3781 919 3833 2.
948 3779 1034 3847 Kigili
1046 3779 1131 3835 Woll.
1153 3780 1268 3850 Kugilin
1282 3783 1382 3838 Sched.

232 3869 355 3937 Krigilin
375 3868 418 3922 Kl.
456 3869 569 3938 Kigilen
588 3866 656 3924 Gon.
676 3867 749 3921 Besa.
787 3864 1033 3935 KigelinSchmid.
1070 3867 1290 3936 KigelenWibl.
1329 3869 1382 3926 Ne·

230 3975 291 4011 wen
306 3956 373 4013 Gok.
394 3956 493 4012 Newer
504 3957 577 4010 Bene.
613 3959 629 4012 3
643 3955 758 4010 etceteri
776 3954 847 4008 fehlt
860 3953 903 4008 bei
915 3953 1012 4008 Sched.
1023 3953 1091 4010 Gok.
1105 3953 1147 4008 Kl.
1162 3955 1248 4012 Woll.
1261 3957 1381 4013 Schmid.

231 4043 318 4100 Wibl.
340 4044 410 4099 Base.
465 4043 630 4099 4Mertaler
656 4043 724 4098 Gok.
764 4041 880 4097 Merzler
901 4042 973 4098 Besa.
992 4059 1037 4096 am
1054 4042 1150 4097 rande.
1204 4043 1382 4100 hSchreiner

232 4131 358 4200 Wagner
377 4130 444 4185 Gok.
466 4130 538 4184 Besa.
561 4148 605 4184 am
625 4131 720 4185 rande.
766 4129 875 4183 oborti
896 4129 968 4185 tlon.
988 4131 1013 4186 2.
1050 4129 1223 4187 Surliwoll.
1261 4131 1384 4188 Sewrlen

233 4219 300 4274 Gok.
320 4217 392 4272 Beue.
431 4216 529 4270 Sdrlen
549 4217 633 4270 Wibl.
670 4216 789 4287 Schleyss
809 4217 882 4273 Mon.
904 4217 929 4272 2.
1003 4217 1128 4272 7Beder
1154 4217 1223 4272 Gok.
1242 4218 1316 4276 Besa
1336 4237 1384 4274 am

232 4305 327 4360 rande.
371 4307 387 4360 8
407 4303 520 4358 Krieech
538 4303 623 4359 Woll.
661 4304 792 4360 Thriesch
813 4305 855 4358 Kl.
876 4307 920 4360 etc
939 4305 1010 4360 fehlt
1029 4305 1073 4360 bei
1093 4305 1135 4358 Kl.
1154 4304 1240 4362 Woll.
1260 4305 1383 4362 Schmid.

234 4392 319 4447 Wibl.
355 4392 504 4448 9Rotten.
541 4393 572 4448 10
591 4393 660 4449 Wes
678 4393 715 4449 iet
734 4393 806 4449 dae?
825 4393 913 4464 vergl.
934 4393 1014 4448 zunft
1033 4395 1057 4448 2.
1106 4394 1136 4448 11
1156 4411 1186 4452 so
1204 4393 1298 4449 haben
1318 4395 1383 4450 alle
