2996 4924
641 361 683 426 65

251 533 301 600 Ad
323 534 505 600 habendum
528 534 562 600 in
586 556 738 618 expensas
761 535 883 600 eteius
907 535 1109 600 alimentum.

251 639 362 708 Noctis
385 646 454 706 erat
476 640 615 706 medium
638 662 710 706 cum
732 640 920 706 Bethlehem
945 646 1115 719 venerunt,

251 745 332 812 Tum
355 747 433 831 ipsis
456 746 506 812 rie
528 745 659 811 comites
681 733 812 829 plurimi
834 745 976 826 fuerunt,

174 869 226 907 ¹⁷³⁰
254 850 402 916 Edictum
424 851 500 936 quia
522 849 644 916 Gesaris
667 850 831 935 compulit,
855 855 891 916 ut
912 851 1006 930 irent,

252 954 332 1022 Illuc
354 957 393 1021 de
416 955 580 1040 provincia
602 955 707 1020 cuncti
730 957 945 1022 convenirent.

253 1061 331 1126 (lum
355 1061 419 1126 iam
443 1065 548 1126 essent
570 1083 668 1146 prope
689 1061 1029 1145 portam.Bethlehem
1051 1061 1192 1126 civitatis

253 1167 398 1254 Angelus
422 1165 571 1251 apparuit
592 1166 625 1229 in
649 1167 740 1232 vultu
763 1166 928 1244 claritatis,

254 1271 403 1339 Formam
425 1271 546 1337 habeus
569 1272 659 1356 pueri
681 1293 753 1336 cum
776 1272 858 1337 albis
881 1271 1089 1350 vestimentis,

177 1397 228 1434 1⁷³³
254 1378 363 1465 Atque
385 1379 493 1444 stabat
515 1381 589 1442 ante
611 1399 664 1442 eos
687 1377 846 1462 imperans
868 1377 1028 1454 iumentis,
1055 1373 1059 1382 ’

254 1483 300 1550 Ut
321 1485 367 1549 ibi
389 1482 607 1562 subsisterent,
634 1487 666 1548 et
688 1483 812 1548 asinum
834 1481 964 1549 tenebat

255 1588 293 1654 ln
315 1611 380 1674 quo
402 1589 494 1674 virgo
516 1586 620 1652 Maria
642 1586 776 1672 gravida
797 1587 934 1654 sedebat.

254 1692 338 1759 Nam
361 1693 462 1778 ipsius
484 1696 614 1758 venerat
635 1692 715 1758 hora
736 1692 880 1776 pariendi
950 1727 954 1742 ·

257 1799 376 1866 Christi
399 1799 449 1866 dei
470 1798 530 1863 filii
553 1803 741 1883 tempusque
762 1798 920 1862 nascendi.

177 1923 231 1960 reu
245 1903 422 1982 ⁴Quoddam
445 1905 650 1970 diversorium
674 1927 808 1970 vacuum
831 1904 974 1968 intrabat

261 2007 374 2088 Maria,
398 2009 481 2095 quud
504 2010 542 2074 de
564 2009 630 2074 celo
653 2007 709 2072 lux
730 2029 804 2072 mox
826 2005 1038 2072 illuminabat.

256 2113 408 2180 lumenta
428 2113 550 2198 Joseph
571 2118 603 2179 et
624 2114 688 2178 iam
710 2113 786 2177 illuc
808 2112 994 2191 introduxit,

255 2216 306 2282 lbi
328 2219 411 2284 sicut
432 2220 537 2304 potuit
558 2217 737 2303 presepium
760 2217 946 2282 construxit.

256 2321 376 2408 Joseph
400 2327 527 2409 partum
549 2323 684 2409 virginis
706 2322 816 2388 videus
838 2323 901 2387 iam
924 2322 1043 2387 instare
1116 2406 1121 2416 .

177 2445 228 2483 1⁷⁴⁶
254 2427 325 2492 uuo
347 2430 448 2494 currit
470 2429 656 2494 obstetrices
679 2427 808 2512 cupiens
830 2448 951 2494 vocare.

256 2530 371 2597 Statim
394 2534 478 2598 oiroa
501 2532 657 2618 virginem
681 2531 732 2596 lux
756 2552 907 2617 magnum
932 2532 1170 2616 resplendebat3

256 2635 300 2700 ut
323 2637 508 2723 angelorum
531 2635 704 2701 multitudo
725 2657 797 2701 cum
819 2635 888 2701 luce
911 2638 1135 2713 descendebat;

254 2739 433 2807 Parientem
456 2741 613 2827 virginem
636 2742 690 2826 qui
714 2741 990 2807 circumsteterunt

253 2846 347 2912 Etsi
371 2869 443 2912 cum
464 2847 611 2912 laudibus
634 2846 928 2912 obstetricaverunt.

177 2971 229 3008 nu
255 2951 306 3017 Ibi
328 2953 377 3017 dei
400 2952 485 3018 filius
508 2953 546 3017 de
569 2952 693 3039 virgine
715 2951 818 3017 Maria

254 3055 347 3122 Jesus
369 3055 515 3122 Christus
537 3059 678 3122 nascitur
700 3079 771 3122 curn
794 3062 905 3124 cantus
928 3058 1101 3143 hymnodia

254 3161 452 3249 Angelorum
475 3163 530 3246 qui
552 3161 653 3226 Marie
675 3163 771 3226 matri
795 3163 931 3246 parienti

258 3265 487 3332 Ministrabant
510 3271 542 3332 et
563 3265 640 3332 Jesu
663 3289 760 3352 puero
783 3267 933 3332 nascenti.

255 3371 376 3436 Laudes
397 3375 529 3436 cantant
553 3372 658 3458 angeli
681 3373 824 3437 nascenti
846 3372 1006 3436 salvatore

178 3493 231 3532 1⁷⁶⁵
256 3475 300 3542 Et
322 3477 424 3542 Marie
447 3477 624 3542 servierunt
647 3476 853 3542 obstetricum
874 3499 970 3542 more.

257 3581 377 3668 loseph
401 3605 543 3648 reversus
566 3584 687 3648 invenit
710 3581 846 3647 Mariam
866 3583 1023 3666 peperisse

256 3685 363 3772 Atque
386 3687 435 3752 dei
457 3687 559 3752 filiurn
582 3709 651 3754 eam
673 3687 828 3774 genuisse.

258 3791 394 3857 Puerum
416 3813 488 3856 cum
510 3792 627 3879 gaudio
650 3812 769 3876 pronus
792 3791 946 3871 adoravit,

257 3895 359 3962 Deum
380 3897 415 3961 in
439 3897 610 3961 virtutibus
632 3897 698 3962 suis
720 3895 922 3962 collaudavit.

178 4019 231 4058 ruo
258 3999 346 4066 'lunc
367 4001 579 4066 inestimabile
601 4001 639 4066 fit
662 4002 814 4088 gaudium
837 4001 1011 4080 amborum,

258 4105 358 4172 llario
379 4107 491 4170 matris
514 4111 545 4172 et
567 4104 697 4191 Joseph,
721 4129 795 4170 nam
817 4128 924 4192 regem
947 4107 1144 4194 angelorum,

259 4207 370 4288 Deum,
394 4209 443 4274 dei
466 4209 578 4288 filium,
602 4215 634 4276 et
656 4211 819 4276 dominum
841 4211 980 4277 celorum

261 4311 464 4379 Contrectaut
486 4321 518 4382 et
540 4317 717 4401 suscipiunt
738 4317 772 4382 in
794 4315 941 4382 manibus
964 4341 1082 4384 eorum.

263 4415 362 4484 Maria
383 4422 510 4506 gaudet,
533 4444 666 4507 puerum
687 4445 761 4488 nam
784 4423 870 4488 videt
892 4423 930 4486 de
952 4445 985 4487 se
1007 4428 1119 4488 natum

149 4541 205 4586 rra
219 4538 296 4580 uns·
1024 4529 1039 4586 5
