3072 4936
763 361 825 426 112

217 535 368 603 Ulmense
401 536 485 602 baud
508 535 639 602 dubium
670 540 811 622 exoptat.
857 536 939 602 Puto
972 541 1078 602 autem
1105 535 1189 601 banc
1211 534 1370 602 familiam

217 641 295 705 olim
317 641 401 707 villae
424 645 457 707 et
479 643 559 707 arcis
583 643 741 728 Besingen
765 643 913 710 habuisse
936 643 1178 730 possessionem
1212 643 1262 708 vel
1284 643 1371 708 forte

217 747 258 812 ab
284 747 392 830 aliquo
414 747 526 813 effectu
542 747 697 834 Besinger
720 750 823 816 dictus
846 754 894 816 est
910 749 1025 835 aliquis
1048 749 1087 814 de
1111 747 1260 832 antiquis.
1285 747 1371 813 sole-

217 875 287 918 mus
325 853 408 918 enim
442 853 674 939 percussionem
706 855 878 921 violentam
915 856 1076 922 teutonica
1111 853 1270 920 locutione
1299 851 1372 918 besi

217 960 382 1024 nominare
404 963 436 1024 εὴ
458 959 568 1040 illum,
599 959 655 1044 qui
677 961 911 1044 percussionem
934 960 1042 1040 infert,
1066 959 1231 1044 besingu,
1260 957 1372 1044 sicque

217 1064 257 1130 ab
281 1065 388 1150 aliqua
412 1065 609 1132 memorabili
633 1068 833 1150 percussione
856 1066 933 1131 dicti
956 1071 1032 1131 sunt
1048 1063 1213 1149 Besinger.
1260 1061 1372 1128 Habet

216 1173 313 1236 etiam
335 1171 454 1236 locutio
476 1177 701 1236 montanorum
724 1171 815 1236 iuxta
837 1169 1042 1256 Veldkyrch,
1065 1170 1103 1236 de
1126 1191 1190 1255 qus
1214 1168 1371 1255 Besinger

216 1281 302 1356 sunt,
325 1277 410 1362 quod
433 1277 523 1362 pueri
545 1277 712 1343 nominant
734 1299 857 1342 sorores
873 1281 1001 1362 patrum
1024 1279 1056 1341 et
1079 1279 1217 1340 matrum
1237 1297 1371 1339 suarum

219 1381 287 1448 besi
301 1382 322 1446 ¹.
346 1386 379 1447 et
399 1381 428 1448 si
451 1383 566 1467 aliquis
581 1405 660 1467 puer
683 1383 766 1448 forte
782 1383 934 1462 nutritus,
958 1382 1118 1460 educatus,
1141 1385 1174 1445 et
1189 1379 1269 1445 bene
1293 1401 1370 1464 pro-

216 1487 303 1552 visus
326 1509 346 1550 a
368 1508 474 1553 sorore
496 1489 608 1553 matris
632 1493 687 1553 aut
710 1488 827 1572 patris,
859 1486 899 1552 ab
922 1509 960 1552 es
987 1508 1100 1552 nomen
1123 1483 1241 1550 habere
1264 1484 1370 1550 voluit

217 1595 250 1656 εὴ
266 1591 422 1678 Besinger
444 1593 515 1671 dici,
538 1593 621 1658 nibil
640 1594 737 1659 refert
759 1593 787 1658 si
802 1593 926 1658 dicatur
948 1591 999 1656 his
1021 1590 1081 1656 hoo
1104 1611 1217 1655 nomen
1241 1589 1287 1655 sic
1301 1609 1371 1655 esse

218 1695 420 1780 acquisitum,

646 1873 938 1958 Wespacher².

308 2013 654 2080 Wescbbachensium‘*
670 2011 936 2100 familiainsignis
952 2013 1066 2078 ultima
1080 2015 1208 2099 quidem
1216 2018 1370 2099 concupio

221 2121 341 2200 ordine,
366 2121 420 2186 sed
435 2121 474 2186 dc
496 2119 608 2204 primis
631 2121 664 2184 et
678 2118 832 2203 supremis
853 2140 920 2184 esse
935 2141 1028 2184 uerno
1050 2119 1174 2184 dubitet
1189 2119 1368 2197 nobilitate,

221 2227 358 2306 divitiis,
390 2229 548 2292 vetustate
577 2230 609 2290 et
642 2223 818 2291 honestate.
867 2223 905 2290 In
934 2224 995 2290 hac
1024 2229 1131 2290 autem
1158 2225 1371 2308 descriptione

191 2331 333 2396 -civium
356 2330 470 2396 ultimo
494 2331 563 2396 loco
586 2334 748 2415 ponuntur
771 2353 808 2395 ea
831 2330 969 2408 ratione,
1003 2329 1079 2414 quia
1101 2329 1175 2395 dum
1198 2330 1262 2394 iam
1286 2352 1368 2414 prae·

221 2436 365 2502 cedentes
388 2436 638 2521 descripsissem,
663 2434 794 2502 fuerunt
815 2434 936 2520 nuptire
958 2434 1123 2500 celebrstae
1147 2433 1251 2500 Ulmae
1274 2435 1368 2500 unius

216 2541 255 2606 de
268 2538 477 2615 Wescbbach.
493 2540 548 2624 qui
557 2540 602 2604 ibi
614 2541 815 2606 residentiam
825 2541 943 2606 habere
953 2541 1166 2626 disposueram
1183 2545 1216 2605 et
1231 2546 1362 2624 propter

216 2645 294 2724 hoc,
328 2645 403 2729 quia
431 2645 495 2708 iam
525 2645 631 2710 ultimi
659 2645 790 2712 fuerim
812 2646 1028 2725 habitatione,
1061 2644 1140 2710 facti
1163 2650 1239 2710 sunt
1261 2645 1368 2710 ultimi

219 2750 448 2834 descriptione:
472 2750 548 2836 quia
570 2753 626 2838 qui
648 2751 738 2817 tarde
760 2752 866 2832 venit,
896 2753 979 2817 male
1003 2752 1099 2817 sedet.
1145 2749 1223 2816 Haec
1245 2750 1369 2816 familis

218 2856 351 2941 antiqua
372 2860 403 2920 et
426 2857 543 2922 nobilis
565 2857 724 2922 iudicatur
745 2879 783 2922 er
807 2878 859 2935 eo,
890 2857 966 2942 quis
988 2855 1083 2922 hodie
1103 2856 1247 2922 existunt
1269 2855 1369 2920 ruinae

217 2960 315 3025 castri
332 2960 364 3024 in
382 2960 458 3026 villa
473 2959 684 3040 Wescbbach,
707 2962 741 3026 in
764 2984 827 3050 quo
843 2962 919 3028 olim
935 2961 1193 3041 dominabantur,
1215 2960 1269 3026 sed
1284 2960 1369 3045 pulsi

218 3065 373 3131 bellorum
397 3065 583 3132 infortuniis
605 3065 735 3134 Ulmum
757 3067 962 3147 devenerunt,
992 3067 1037 3132 ibi
1060 3067 1184 3132 civibus
1206 3065 1368 3132 nobilibus

218 3171 320 3236 iuncti
344 3170 382 3236 ad
406 3174 529 3256 tempus
552 3173 718 3258 degerunt.
764 3171 885 3238 Deinde
908 3172 1067 3238 domicilia
1096 3173 1129 3236 in
1151 3171 1367 3258 Memmingen

217 3277 420 3356 reduxerunt,
437 3276 586 3362 oppidum
603 3276 664 3342 hoc
679 3277 848 3354 divitiiset
859 3277 1002 3362 personis
1018 3281 1177 3343 ornantes.
1204 3277 1368 3343 Postremo

217 3387 324 3447 autem
347 3381 386 3446 de
409 3380 469 3448 hsc
491 3381 617 3447 familia
639 3382 727 3447 venit
742 3381 873 3448 Ulmam
895 3381 1058 3469 singulare
1081 3383 1293 3467 suppositum,
1317 3384 1368 3447 in·

219 3488 320 3573 signis
344 3485 393 3550 vir
415 3488 569 3572 magister
591 3485 774 3566 Jobannes,
804 3488 913 3552 doctor
937 3488 1102 3573 utriusque
1124 3488 1220 3568 iuris,
1243 3489 1300 3574 qui
1322 3489 1368 3553 ibi

217 3615 256 3656 ox
280 3589 490 3655 nobilioribus
508 3613 603 3656 uxore
626 3595 755 3677 accepta
778 3599 911 3660 conatur
927 3595 1090 3681 egregiam
1105 3617 1196 3660 suam
1219 3594 1251 3659 in
1272 3593 1368 3660 Ulmo

220 3697 408 3762 resuscitare
431 3698 571 3781 stirpem.
618 3697 744 3763 Dicitur
767 3703 874 3765 autem
896 3700 965 3766 haec
987 3698 1111 3764 familis
1126 3696 1327 3764 Wescbbach
1351 3721 1369 3763 s

217 3805 323 3866 castro
341 3799 539 3866 Wescbbach
562 3807 595 3867 et
617 3801 703 3882 villa,
728 3825 824 3888 quom
847 3803 1035 3888 praeterfluit
1057 3803 1144 3868 rivus
1167 3825 1236 3868 eam
1259 3803 1369 3867 lavans

216 3911 248 3972 et
271 3907 399 3990 rigans,
432 3927 537 3990 aquo
568 3929 683 3972 nomen
706 3906 909 3974 Wescbbach
942 3913 1010 3972 tum
1031 3907 1239 3973 habitationis
1272 3929 1368 3992 quam

217 4033 432 4097 possessorum
457 4016 505 4076 est
536 4015 743 4096 assumptum.
783 4012 918 4144 pimissa
949 4017 1056 4079 autem
1084 4011 1283 4078 habitatione
1313 4013 1369 4077 ad·

288 4183 384 4239 lBesi
402 4181 486 4251 (Ball)
504 4181 577 4238 Bess.
632 4184 707 4240 nne
725 4185 977 4256 Wespachensibus
995 4186 1065 4242 Gok.
1086 4185 1157 4240 Rosa.
1195 4185 1234 4240 De
1255 4185 1369 4240 Wescb-

218 4271 415 4329 bochsensibus
431 4271 503 4325 Mon.
518 4271 542 4324 2.
591 4271 869 4342 3Wespachensium
882 4272 951 4329 Golr.
989 4271 1267 4328 Weschbschensium
1282 4273 1368 4327 Wibl.

216 4361 316 4416 Schad.
332 4359 377 4413 Kl.
396 4357 516 4415 Schmid.
528 4359 600 4415 Mon.
612 4361 637 4416 2.
672 4358 819 4431 Wespach‚
838 4358 933 4416 weiler
950 4359 989 4414 im
999 4359 1080 4430 bayr.
1098 4356 1367 4429 laudgcrichtOtto·

215 4451 329 4506 beureu.
