3034 4922
653 364 716 444 ltu

265 545 402 634 Possem,
424 551 458 619 in
481 576 547 640 qus
566 554 672 620 virere
694 575 779 620 nunc
800 554 904 620 cordis
926 576 998 620 cum
1022 553 1131 620 delore

264 655 368 746 Cogor
388 664 421 724 et
442 660 627 726 conluuione
648 659 819 744 vultusque
841 659 965 726 rubore.

263 763 367 830 Multo
388 786 440 830 me
461 765 585 832 beatim
608 765 660 830 hic
683 765 767 830 latro
789 766 957 850 reperitur,

264 869 325 946 Qui
347 871 413 936 iam
435 870 543 936 celesti
563 871 681 956 gaudio
703 891 776 934 cum
798 869 927 935 domino
949 871 1083 955 potitur,
1160 923 1164 934 .

187 992 238 1031 seeo
264 973 347 1052 Quia
368 973 436 1040 lore
459 997 568 1042 rerum
591 975 684 1042 deum
705 973 817 1041 Jesum
839 979 889 1041 est
910 976 1083 1057 confessus,
1159 967 1161 974 ⁴

262 1078 415 1158 Quemvis
437 1101 494 1146 suo
518 1101 577 1165 pre
598 1084 689 1146 reatu
710 1084 846 1146 mortem
868 1080 912 1148 sit
934 1103 1109 1167 perpessus,

263 1183 365 1263 Quem
386 1206 447 1271 ego
469 1184 562 1250 corde
583 1184 704 1269 perfidu
726 1185 909 1270 relinquens
932 1187 1099 1272 abnegavi,

262 1291 376 1358 Iumus
398 1313 470 1358 sum
493 1311 558 1356 uon
580 1291 706 1356 novisse
727 1289 822 1356 fidem
844 1291 972 1357 violari.

146 1475 150 1484 ι
265 1397 346 1464 Mihi
370 1396 540 1481 plusquam
562 1395 710 1462 omnibus
734 1398 801 1481 ipse
822 1395 1011 1477 confidebat,

188 1521 239 1560 eru
264 1499 325 1567 Pre
346 1501 469 1568 cunctis
490 1500 712 1586 condiscipulis
736 1524 785 1568 me
806 1503 909 1568 solum
931 1503 1114 1584 extollebtt,

266 1605 423 1684 Quonim
444 1605 517 1691 plus
539 1605 686 1672 omnibus
707 1605 788 1672 milui
809 1607 1039 1689 committebat,

265 1709 311 1778 Et
332 1733 426 1778 suum
447 1710 651 1778 sacratarium
674 1731 725 1777 me
746 1732 819 1797 sepe
840 1711 987 1778 faciebat.

266 1814 327 1883 Sed
343 1838 427 1882 nuuc
448 1815 606 1882 infidelior
626 1837 698 1882 sum
720 1816 867 1882 omnibus
891 1817 1050 1899 iuventus,

268 1919 306 1987 In
328 1943 452 1988 summe
473 1943 549 1988 nam
570 1922 757 1988 necessitate
778 1921 827 1987 fui
850 1922 1090 1998 fraudulentum

197 2045 246 2084 uu
272 2023 357 2094 Nem
381 2048 473 2093 verus
495 2026 529 2092 iu
551 2027 738 2092 necessitate
759 2027 940 2112 probandus
963 2035 1012 2096 est
1034 2031 1163 2110 amicus,

270 2131 323 2198 Sic
344 2133 497 2219 probetne
519 2153 581 2219 ego
601 2155 686 2198 nunc
707 2137 850 2219 repertus
873 2157 944 2199 sum
966 2135 1105 2220 iniquus.
1191 2217 1193 2220 Ι

270 2236 425 2324 Indignus
446 2238 540 2304 modo
563 2237 667 2304 factus
689 2261 760 2304 sum
782 2239 887 2304 videre
909 2243 1138 2326 resurgentem,

270 2341 371 2420 Quem
392 2343 507 2430 negari
529 2343 719 2410 tribulatum
742 2349 838 2430 utque
859 2344 1052 2430 patientem

269 2447 338 2516 Nec
358 2449 494 2534 amplius
517 2451 662 2517 accedere
684 2450 829 2516 merebor
849 2451 889 2516 ed
912 2450 1080 2530 viventem,

196 2569 245 2610 ⁶⁷¹⁶
270 2552 371 2631 Quem
392 2558 460 2622 tum
481 2553 651 2621 infideliter
673 2555 788 2640 reliqui
810 2555 1016 2632 morientem

270 2657 330 2726 Sed
353 2661 566 2728 misericordie
587 2683 643 2727 sue
665 2660 862 2738 recordabor,

271 2765 378 2851 Atque
399 2789 490 2832 suam
510 2767 651 2853 gretiam
672 2787 823 2852 maguam
839 2765 1060 2850 ,prestulab0r3

270 2868 355 2936 Nam
377 2893 451 2957 sepe
471 2871 552 2937 milri
574 2871 699 2938 dixerat
718 2870 787 2936 fore
809 2871 1030 2949 miserendum,

270 2973 314 3041 Et
335 2975 505 3061 plusquam
526 2976 708 3061 septuagies
729 2975 849 3059 peccsti
871 2973 1105 3040 dimittendum.

197 3097 246 3136 Μ
273 3079 367 3148 Hunc
388 3103 482 3167 spero
502 3082 588 3167 qued
609 3080 762 3165 suscipiat
782 3078 886 3146 adhuc
907 3101 958 3144 me
980 3079 1185 3164 penitentem,

273 3183 355 3262 Quia
376 3209 540 3272 nunquam
561 3186 677 3253 (leserit
699 3187 734 3250 in
755 3207 789 3250 se
810 3184 1030 3251 confidentem.

272 3289 398 3358 OJesu
419 3294 464 3358 mi
485 3292 676 3371 dulcissime,
698 3313 718 3356 o
739 3289 866 3356 domine
887 3289 1037 3375 preclare,

272 3394 309 3462 Iu
333 3419 384 3464 me
404 3401 459 3464 tue
480 3395 636 3482 passienis
658 3395 829 3461 clementer
852 3393 1025 3471 recordare,

274 3501 319 3566 Et
341 3502 402 3566 mei
424 3501 574 3567 facinoris
595 3522 660 3566 non
683 3499 770 3566 ultra
790 3519 975 3579 memorare,

199 3621 249 3660 ⁶⁸⁰⁵
274 3603 333 3672 Sed
357 3627 407 3672 me
428 3605 671 3672 clementissime
693 3604 831 3688 recipere
853 3603 996 3688 dignare,

274 3709 321 3778 Ut
342 3733 362 3776 a
383 3715 486 3779 morte
508 3715 724 3797 resurgentem
746 3713 778 3775 te
798 3731 921 3774 merear
942 3706 1058 3787 videre,

274 3815 530 3902 repromissum
552 3837 687 3902 regnum
708 3821 800 3881 tuum
822 3819 927 3879 tecum
950 3811 1138 3897 possidere<

241 4129 294 4216 De
320 4131 437 4238 signis
463 4155 535 4233 que
561 4129 703 4212 fiebant
728 4129 768 4209 ln
796 4126 967 4230 passione
994 4124 1147 4204 douiini.

278 4341 414 4418 Mortmn
436 4343 486 4415 ‹lel
509 4341 594 4413 lilius
616 4363 688 4413 cum
710 4344 892 4430 petiebatur

280 4451 360 4522 'lete
379 4455 490 4522 muudi
513 4453 659 4519 machina
680 4456 818 4518 tremens
841 4447 1038 4528 movebatur,

173 4569 312 4623 creme.
1023 4551 1055 4612 13
