<?xml version="1.0" encoding="UTF-8"?>
<!DOCTYPE html PUBLIC "-//W3C//DTD XHTML 1.0 Transitional//EN"
    "http://www.w3.org/TR/xhtml1/DTD/xhtml1-transitional.dtd">
<html xmlns="http://www.w3.org/1999/xhtml" xml:lang="en" lang="en">
 <head>
  <title>
</title>
<meta http-equiv="Content-Type" content="text/html;charset=utf-8" />
  <meta name='ocr-system' content='tesseract 3.04.00' />
  <meta name='ocr-capabilities' content='ocr_page ocr_carea ocr_par ocr_line ocrx_word'/>
</head>
<body>
  <div class='ocr_page' id='page_1' title='image "./vitabeatevirgin01vggoog_0620.png"; bbox 0 0 3072 4936; ppageno 0'>
   <div class='ocr_carea' id='block_1_1' title="bbox 775 277 837 342">
    <p class='ocr_par' dir='ltr' id='par_1_1' title="bbox 775 277 837 342">
     <span class='ocr_line' id='line_1_1' title="bbox 775 277 837 342; baseline 0.016 -2"><span class='ocrx_word' id='word_1_1' title='bbox 775 277 837 342; x_wconf 83' lang='grc'>156</span> 
     </span>
    </p>
   </div>
   <div class='ocr_carea' id='block_1_2' title="bbox 136 451 1505 4105">
    <p class='ocr_par' dir='ltr' id='par_1_2' title="bbox 136 451 1505 4105">
     <span class='ocr_line' id='line_1_2' title="bbox 229 451 1385 531; baseline -0.002 -13"><span class='ocrx_word' id='word_1_2' title='bbox 229 455 358 520; x_wconf 82' lang='lat' dir='ltr'>veniens</span> <span class='ocrx_word' id='word_1_3' title='bbox 393 454 453 518; x_wconf 89' lang='lat' dir='ltr'>sibi</span> <span class='ocrx_word' id='word_1_4' title='bbox 485 453 576 518; x_wconf 92' lang='lat' dir='ltr'>illum</span> <span class='ocrx_word' id='word_1_5' title='bbox 608 452 762 518; x_wconf 89' lang='lat' dir='ltr'>honorem</span> <span class='ocrx_word' id='word_1_6' title='bbox 793 451 935 518; x_wconf 82' lang='lat' dir='ltr'>exhiberi</span> <span class='ocrx_word' id='word_1_7' title='bbox 966 452 1086 531; x_wconf 83' lang='lat' dir='ltr'>voluit,</span> <span class='ocrx_word' id='word_1_8' title='bbox 1118 453 1225 517; x_wconf 89' lang='lat' dir='ltr'>dicens</span> <span class='ocrx_word' id='word_1_9' title='bbox 1254 473 1288 516; x_wconf 90' lang='lat' dir='ltr'>se</span> <span class='ocrx_word' id='word_1_10' title='bbox 1319 474 1385 517; x_wconf 85' lang='lat' dir='ltr'>csse</span> 
     </span>
     <span class='ocr_line' id='line_1_3' title="bbox 230 556 1505 642; baseline -0.004 -17"><span class='ocrx_word' id='word_1_11' title='bbox 230 561 379 625; x_wconf 87' lang='lat' dir='ltr'>arborum</span> <span class='ocrx_word' id='word_1_12' title='bbox 405 559 516 626; x_wconf 89' lang='lat' dir='ltr'>Deum.</span> <span class='ocrx_word' id='word_1_13' title='bbox 564 558 657 624; x_wconf 88' lang='lat' dir='ltr'>Unde</span> <span class='ocrx_word' id='word_1_14' title='bbox 680 558 714 621; x_wconf 91' lang='lat' dir='ltr'>in</span> <span class='ocrx_word' id='word_1_15' title='bbox 741 557 890 622; x_wconf 84' lang='lat' dir='ltr'>Chaoniae</span> <span class='ocrx_word' id='word_1_16' title='bbox 911 556 1040 642; x_wconf 79' lang='lat' dir='ltr'>regione</span> <span class='ocrx_word' id='word_1_17' title='bbox 1063 577 1154 622; x_wconf 89' lang='lat' dir='ltr'>mons</span> <span class='ocrx_word' id='word_1_18' title='bbox 1170 557 1305 621; x_wconf 88' lang='lat' dir='ltr'>Dodona</span> <span class='ocrx_word' id='word_1_19' title='bbox 1326 578 1384 621; x_wconf 93' lang='lat' dir='ltr'>no·</span> <span class='ocrx_word' id='word_1_20' title='bbox 1504 589 1505 592; x_wconf 36' lang='lat'>¹</span> 
     </span>
     <span class='ocr_line' id='line_1_4' title="bbox 231 661 1505 747; baseline -0.001 -18"><span class='ocrx_word' id='word_1_21' title='bbox 231 665 326 744; x_wconf 91' lang='lat' dir='ltr'>mine,</span> <span class='ocrx_word' id='word_1_22' title='bbox 349 686 543 740; x_wconf 81' lang='lat' dir='ltr'>nemorosus,</span> <span class='ocrx_word' id='word_1_23' title='bbox 568 663 745 747; x_wconf 82' lang='lat' dir='ltr'>quercubus</span> <span class='ocrx_word' id='word_1_24' title='bbox 760 661 872 746; x_wconf 88' lang='lat' dir='ltr'>plenus</span> <span class='ocrx_word' id='word_1_25' title='bbox 887 661 1042 746; x_wconf 91' lang='lat' dir='ltr'>templum</span> <span class='ocrx_word' id='word_1_26' title='bbox 1057 684 1180 726; x_wconf 89' lang='lat' dir='ltr'>sacrum</span> <span class='ocrx_word' id='word_1_27' title='bbox 1194 661 1267 726; x_wconf 84' lang='lat' dir='ltr'>Jovi</span> <span class='ocrx_word' id='word_1_28' title='bbox 1286 662 1383 728; x_wconf 89' lang='lat' dir='ltr'>habe-</span> <span class='ocrx_word' id='word_1_29' title='bbox 1504 699 1505 702; x_wconf 34' lang='lat'>¹</span> 
     </span>
     <span class='ocr_line' id='line_1_5' title="bbox 230 766 1381 854; baseline -0.003 -19"><span class='ocrx_word' id='word_1_30' title='bbox 230 772 335 849; x_wconf 86' lang='lat' dir='ltr'>batur,</span> <span class='ocrx_word' id='word_1_31' title='bbox 359 771 475 854; x_wconf 90' lang='lat' dir='ltr'>dequo</span> <span class='ocrx_word' id='word_1_32' title='bbox 493 767 650 833; x_wconf 82' lang='lat' dir='ltr'>Ovidius¹</span> <span class='ocrx_word' id='word_1_33' title='bbox 675 766 796 852; x_wconf 91' lang='lat' dir='ltr'>inquit:</span> <span class='ocrx_word' id='word_1_34' title='bbox 824 771 873 831; x_wconf 79' lang='lat' dir='ltr'>»et</span> <span class='ocrx_word' id='word_1_35' title='bbox 890 789 960 852; x_wconf 79' lang='lat' dir='ltr'>quae</span> <span class='ocrx_word' id='word_1_36' title='bbox 985 767 1167 832; x_wconf 74' lang='lat' dir='ltr'>deciderant</span> <span class='ocrx_word' id='word_1_37' title='bbox 1191 766 1303 851; x_wconf 89' lang='lat' dir='ltr'>patula</span> <span class='ocrx_word' id='word_1_38' title='bbox 1324 767 1381 832; x_wconf 87' lang='lat' dir='ltr'>Jo-</span> 
     </span>
     <span class='ocr_line' id='line_1_6' title="bbox 231 870 1384 960; baseline 0 -20"><span class='ocrx_word' id='word_1_39' title='bbox 231 873 310 960; x_wconf 88' lang='lat' dir='ltr'>vi[s]</span> <span class='ocrx_word' id='word_1_40' title='bbox 337 875 450 939; x_wconf 89' lang='lat' dir='ltr'>arbore</span> <span class='ocrx_word' id='word_1_41' title='bbox 472 874 634 960; x_wconf 81' lang='lat' dir='ltr'>glandea.‹</span> <span class='ocrx_word' id='word_1_42' title='bbox 683 870 734 937; x_wconf 81' lang='lat' dir='ltr'>Ad</span> <span class='ocrx_word' id='word_1_43' title='bbox 757 871 850 936; x_wconf 91' lang='lat' dir='ltr'>illum</span> <span class='ocrx_word' id='word_1_44' title='bbox 873 873 957 936; x_wconf 91' lang='lat' dir='ltr'>enim</span> <span class='ocrx_word' id='word_1_45' title='bbox 980 877 1121 937; x_wconf 81' lang='lat' dir='ltr'>montem</span> <span class='ocrx_word' id='word_1_46' title='bbox 1145 873 1183 938; x_wconf 91' lang='lat' dir='ltr'>de</span> <span class='ocrx_word' id='word_1_47' title='bbox 1198 873 1384 959; x_wconf 83' lang='lat' dir='ltr'><strong>longinquis</strong></span> 
     </span>
     <span class='ocr_line' id='line_1_7' title="bbox 231 977 1384 1064; baseline -0.003 -19"><span class='ocrx_word' id='word_1_48' title='bbox 231 981 340 1045; x_wconf 91' lang='lat' dir='ltr'>mundi</span> <span class='ocrx_word' id='word_1_49' title='bbox 363 980 508 1064; x_wconf 86' lang='lat' dir='ltr'>partibus</span> <span class='ocrx_word' id='word_1_50' title='bbox 530 977 675 1043; x_wconf 90' lang='lat' dir='ltr'>homiues</span> <span class='ocrx_word' id='word_1_51' title='bbox 700 977 889 1056; x_wconf 74' lang='lat' dir='ltr'>veniebant,</span> <span class='ocrx_word' id='word_1_52' title='bbox 924 981 956 1042; x_wconf 93' lang='lat' dir='ltr'>et</span> <span class='ocrx_word' id='word_1_53' title='bbox 979 977 1037 1041; x_wconf 90' lang='lat' dir='ltr'>sub</span> <span class='ocrx_word' id='word_1_54' title='bbox 1061 977 1239 1061; x_wconf 84' lang='lat' dir='ltr'><strong>quercubus</strong></span> <span class='ocrx_word' id='word_1_55' title='bbox 1262 983 1384 1043; x_wconf 86' lang='lat' dir='ltr'>stantes</span> 
     </span>
     <span class='ocr_line' id='line_1_8' title="bbox 231 1082 1384 1170; baseline -0.002 -20"><span class='ocrx_word' id='word_1_56' title='bbox 231 1108 382 1170; x_wconf 89' lang='lat' dir='ltr'>responsa</span> <span class='ocrx_word' id='word_1_57' title='bbox 403 1084 543 1150; x_wconf 86' lang='lat' dir='ltr'><strong>Deorum</strong></span> <span class='ocrx_word' id='word_1_58' title='bbox 572 1083 771 1170; x_wconf 73' lang='lat' dir='ltr'>quaerebant,</span> <span class='ocrx_word' id='word_1_59' title='bbox 801 1088 834 1148; x_wconf 88' lang='lat' dir='ltr'>et</span> <span class='ocrx_word' id='word_1_60' title='bbox 865 1082 1019 1148; x_wconf 73' lang='lat' dir='ltr'>columbae</span> <span class='ocrx_word' id='word_1_61' title='bbox 1050 1083 1194 1166; x_wconf 71' lang='lat' dir='ltr'>quaedam</span> <span class='ocrx_word' id='word_1_62' title='bbox 1224 1085 1384 1148; x_wconf 88' lang='lat' dir='ltr'>veteribus</span> 
     </span>
     <span class='ocr_line' id='line_1_9' title="bbox 136 1186 1384 1276; baseline 0 -22"><span class='ocrx_word' id='word_1_63' title='bbox 136 1187 224 1266; x_wconf 48' lang='lat' dir='ltr'>etth.</span> <span class='ocrx_word' id='word_1_64' title='bbox 233 1190 411 1276; x_wconf 88' lang='lat' dir='ltr'>quercubus</span> <span class='ocrx_word' id='word_1_65' title='bbox 433 1189 606 1255; x_wconf 73' lang='lat' dir='ltr'>insidentes</span> <span class='ocrx_word' id='word_1_66' title='bbox 622 1187 824 1272; x_wconf 89' lang='lat' dir='ltr'>poscentibus</span> <span class='ocrx_word' id='word_1_67' title='bbox 840 1186 1074 1272; x_wconf 88' lang='lat' dir='ltr'>respondebant</span> <span class='ocrx_word' id='word_1_68' title='bbox 1092 1193 1246 1272; x_wconf 89' lang='lat' dir='ltr'>tanquam</span> <span class='ocrx_word' id='word_1_69' title='bbox 1270 1187 1384 1254; x_wconf 86' lang='lat' dir='ltr'>aJore</span> 
     </span>
     <span class='ocr_line' id='line_1_10' title="bbox 136 1293 1383 1378; baseline -0.002 -18"><span class='ocrx_word' id='word_1_70' title='bbox 136 1295 344 1374; x_wconf 43' lang='lat' dir='ltr'>premisse.</span> <span class='ocrx_word' id='word_1_71' title='bbox 390 1294 484 1360; x_wconf 88' lang='lat' dir='ltr'>Unde</span> <span class='ocrx_word' id='word_1_72' title='bbox 505 1293 604 1378; x_wconf 90' lang='lat' dir='ltr'>ipsius</span> <span class='ocrx_word' id='word_1_73' title='bbox 628 1293 718 1358; x_wconf 84' lang='lat' dir='ltr'>Jovis</span> <span class='ocrx_word' id='word_1_74' title='bbox 742 1315 893 1378; x_wconf 88' lang='lat' dir='ltr'>responsa</span> <span class='ocrx_word' id='word_1_75' title='bbox 916 1315 1075 1378; x_wconf 91' lang='lat' dir='ltr'>nusquam</span> <span class='ocrx_word' id='word_1_76' title='bbox 1097 1293 1223 1358; x_wconf 83' lang='lat' dir='ltr'>facilius</span> <span class='ocrx_word' id='word_1_77' title='bbox 1246 1294 1383 1378; x_wconf 87' lang='lat' dir='ltr'>reperie-</span> 
     </span>
     <span class='ocr_line' id='line_1_11' title="bbox 231 1398 1384 1484; baseline 0 -20"><span class='ocrx_word' id='word_1_78' title='bbox 231 1402 349 1465; x_wconf 88' lang='lat' dir='ltr'>bantur</span> <span class='ocrx_word' id='word_1_79' title='bbox 372 1423 467 1484; x_wconf 90' lang='lat' dir='ltr'>quam</span> <span class='ocrx_word' id='word_1_80' title='bbox 498 1399 531 1462; x_wconf 92' lang='lat' dir='ltr'>in</span> <span class='ocrx_word' id='word_1_81' title='bbox 563 1399 744 1463; x_wconf 91' lang='lat' dir='ltr'>nemoribus</span> <span class='ocrx_word' id='word_1_82' title='bbox 774 1399 898 1478; x_wconf 78' lang='lat' dir='ltr'>ilicum,</span> <span class='ocrx_word' id='word_1_83' title='bbox 932 1398 983 1464; x_wconf 88' lang='lat' dir='ltr'>cui</span> <span class='ocrx_word' id='word_1_84' title='bbox 1015 1398 1223 1483; x_wconf 79' lang='lat' dir='ltr'>singulariter</span> <span class='ocrx_word' id='word_1_85' title='bbox 1250 1420 1384 1483; x_wconf 89' lang='lat' dir='ltr'>quercus</span> 
     </span>
     <span class='ocr_line' id='line_1_12' title="bbox 232 1503 1385 1588; baseline -0.003 -16"><span class='ocrx_word' id='word_1_86' title='bbox 232 1507 344 1572; x_wconf 86' lang='lat' dir='ltr'>dicatae</span> <span class='ocrx_word' id='word_1_87' title='bbox 359 1509 458 1570; x_wconf 90' lang='lat' dir='ltr'>erant.</span> <span class='ocrx_word' id='word_1_88' title='bbox 504 1503 567 1568; x_wconf 92' lang='lat' dir='ltr'>Pro</span> <span class='ocrx_word' id='word_1_89' title='bbox 583 1526 707 1568; x_wconf 88' lang='lat' dir='ltr'>summo</span> <span class='ocrx_word' id='word_1_90' title='bbox 723 1504 806 1568; x_wconf 90' lang='lat' dir='ltr'>enim</span> <span class='ocrx_word' id='word_1_91' title='bbox 824 1503 892 1568; x_wconf 92' lang='lat' dir='ltr'>Deo</span> <span class='ocrx_word' id='word_1_92' title='bbox 915 1525 949 1568; x_wconf 91' lang='lat' dir='ltr'>se</span> <span class='ocrx_word' id='word_1_93' title='bbox 971 1504 1032 1568; x_wconf 90' lang='lat' dir='ltr'>coli</span> <span class='ocrx_word' id='word_1_94' title='bbox 1047 1503 1188 1582; x_wconf 81' lang='lat' dir='ltr'>iubebat¹</span> <span class='ocrx_word' id='word_1_95' title='bbox 1213 1509 1245 1569; x_wconf 90' lang='lat' dir='ltr'>et</span> <span class='ocrx_word' id='word_1_96' title='bbox 1265 1505 1385 1588; x_wconf 87' lang='lat' dir='ltr'>templa</span> 
     </span>
     <span class='ocr_line' id='line_1_13' title="bbox 232 1605 1505 1694; baseline -0.002 -17"><span class='ocrx_word' id='word_1_97' title='bbox 232 1635 289 1676; x_wconf 91' lang='lat' dir='ltr'>sua</span> <span class='ocrx_word' id='word_1_98' title='bbox 313 1633 348 1675; x_wconf 91' lang='lat' dir='ltr'>ac</span> <span class='ocrx_word' id='word_1_99' title='bbox 371 1614 493 1673; x_wconf 89' lang='lat' dir='ltr'>statuas</span> <span class='ocrx_word' id='word_1_100' title='bbox 526 1612 558 1672; x_wconf 88' lang='lat' dir='ltr'>et</span> <span class='ocrx_word' id='word_1_101' title='bbox 580 1608 749 1672; x_wconf 89' lang='lat' dir='ltr'>simulacra</span> <span class='ocrx_word' id='word_1_102' title='bbox 772 1629 835 1672; x_wconf 91' lang='lat' dir='ltr'>non</span> <span class='ocrx_word' id='word_1_103' title='bbox 860 1608 923 1672; x_wconf 92' lang='lat' dir='ltr'>nisi</span> <span class='ocrx_word' id='word_1_104' title='bbox 946 1630 983 1672; x_wconf 83' lang='lat' dir='ltr'>ex</span> <span class='ocrx_word' id='word_1_105' title='bbox 1007 1608 1165 1693; x_wconf 87' lang='lat' dir='ltr'>quercinis</span> <span class='ocrx_word' id='word_1_106' title='bbox 1188 1608 1286 1694; x_wconf 81' lang='lat' dir='ltr'>lignis</span> <span class='ocrx_word' id='word_1_107' title='bbox 1316 1609 1386 1674; x_wconf 87' lang='lat' dir='ltr'>fieri</span> <span class='ocrx_word' id='word_1_108' title='bbox 1503 1605 1505 1654; x_wconf 76' lang='lat' dir='ltr'>l</span> 
     </span>
     <span class='ocr_line' id='line_1_14' title="bbox 234 1712 1505 1806; baseline -0.001 -26"><span class='ocrx_word' id='word_1_109' title='bbox 234 1715 445 1792; x_wconf 78' lang='lat' dir='ltr'>ordinaverat,</span> <span class='ocrx_word' id='word_1_110' title='bbox 470 1735 541 1798; x_wconf 84' lang='lat' dir='ltr'>quae</span> <span class='ocrx_word' id='word_1_111' title='bbox 557 1712 745 1777; x_wconf 87' lang='lat' dir='ltr'>solidissima</span> <span class='ocrx_word' id='word_1_112' title='bbox 761 1718 836 1778; x_wconf 89' lang='lat' dir='ltr'>sunt</span> <span class='ocrx_word' id='word_1_113' title='bbox 852 1717 884 1778; x_wconf 90' lang='lat' dir='ltr'>et</span> <span class='ocrx_word' id='word_1_114' title='bbox 907 1735 963 1797; x_wconf 84' lang='lat' dir='ltr'>per</span> <span class='ocrx_word' id='word_1_115' title='bbox 985 1713 1083 1799; x_wconf 84' lang='lat' dir='ltr'>longa</span> <span class='ocrx_word' id='word_1_116' title='bbox 1098 1714 1203 1778; x_wconf 89' lang='lat' dir='ltr'>secula</span> <span class='ocrx_word' id='word_1_117' title='bbox 1221 1714 1385 1794; x_wconf 88' lang='lat' dir='ltr'>duratura,</span> <span class='ocrx_word' id='word_1_118' title='bbox 1504 1759 1505 1806; x_wconf 73' lang='lat'>1</span> 
     </span>
     <span class='ocr_line' id='line_1_15' title="bbox 233 1817 1505 1906; baseline -0.004 -20"><span class='ocrx_word' id='word_1_119' title='bbox 233 1823 365 1906; x_wconf 87' lang='lat' dir='ltr'>ideoque</span> <span class='ocrx_word' id='word_1_120' title='bbox 381 1819 508 1904; x_wconf 86' lang='lat' dir='ltr'>templis</span> <span class='ocrx_word' id='word_1_121' title='bbox 524 1819 741 1883; x_wconf 89' lang='lat' dir='ltr'>construendis</span> <span class='ocrx_word' id='word_1_122' title='bbox 759 1819 933 1903; x_wconf 88' lang='lat' dir='ltr'>aptissima.</span> <span class='ocrx_word' id='word_1_123' title='bbox 979 1822 1174 1903; x_wconf 86' lang='lat' dir='ltr'>quapropter</span> <span class='ocrx_word' id='word_1_124' title='bbox 1195 1819 1301 1883; x_wconf 77' lang='lat' dir='ltr'>Esaiae</span> <span class='ocrx_word' id='word_1_125' title='bbox 1317 1817 1385 1882; x_wconf 80' lang='lat'>44²</span> <span class='ocrx_word' id='word_1_126' title='bbox 1504 1835 1505 1844; x_wconf 57' lang='lat'>¹</span> 
     </span>
     <span class='ocr_line' id='line_1_16' title="bbox 233 1923 1505 2008; baseline -0.002 -17"><span class='ocrx_word' id='word_1_127' title='bbox 233 1929 270 1992; x_wconf 88' lang='lat' dir='ltr'>de</span> <span class='ocrx_word' id='word_1_128' title='bbox 293 1925 394 1990; x_wconf 88' lang='lat' dir='ltr'>fabris</span> <span class='ocrx_word' id='word_1_129' title='bbox 417 1924 658 1989; x_wconf 87' lang='lat' dir='ltr'>simulacrorum</span> <span class='ocrx_word' id='word_1_130' title='bbox 692 1946 731 1988; x_wconf 87' lang='lat' dir='ltr'>ex</span> <span class='ocrx_word' id='word_1_131' title='bbox 754 1946 871 2008; x_wconf 89' lang='lat' dir='ltr'>quercu</span> <span class='ocrx_word' id='word_1_132' title='bbox 903 1929 935 1990; x_wconf 85' lang='lat' dir='ltr'>et</span> <span class='ocrx_word' id='word_1_133' title='bbox 965 1924 1038 1989; x_wconf 89' lang='lat' dir='ltr'>ilice</span> <span class='ocrx_word' id='word_1_134' title='bbox 1068 1924 1206 1989; x_wconf 87' lang='lat' dir='ltr'>invectio</span> <span class='ocrx_word' id='word_1_135' title='bbox 1238 1923 1385 1989; x_wconf 88' lang='lat' dir='ltr'>habetur.</span> <span class='ocrx_word' id='word_1_136' title='bbox 1504 2003 1505 2006; x_wconf 8' lang='grc' dir='ltr'><strong>Ἴ</strong></span> 
     </span>
     <span class='ocr_line' id='line_1_17' title="bbox 234 2029 1388 2116; baseline -0.001 -20"><span class='ocrx_word' id='word_1_137' title='bbox 234 2032 317 2096; x_wconf 90' lang='lat' dir='ltr'>unde</span> <span class='ocrx_word' id='word_1_138' title='bbox 339 2031 422 2116; x_wconf 91' lang='lat' dir='ltr'>apud</span> <span class='ocrx_word' id='word_1_139' title='bbox 445 2029 580 2115; x_wconf 80' lang='lat' dir='ltr'>gentiles</span> <span class='ocrx_word' id='word_1_140' title='bbox 597 2029 677 2094; x_wconf 87' lang='lat' dir='ltr'>ritus</span> <span class='ocrx_word' id='word_1_141' title='bbox 694 2030 853 2110; x_wconf 85' lang='lat' dir='ltr'>arborum,</span> <span class='ocrx_word' id='word_1_142' title='bbox 878 2030 1022 2094; x_wconf 89' lang='lat' dir='ltr'>lucorum</span> <span class='ocrx_word' id='word_1_143' title='bbox 1037 2033 1070 2094; x_wconf 91' lang='lat' dir='ltr'>et</span> <span class='ocrx_word' id='word_1_144' title='bbox 1085 2050 1250 2094; x_wconf 87' lang='lat' dir='ltr'>nemorum</span> <span class='ocrx_word' id='word_1_145' title='bbox 1268 2030 1388 2095; x_wconf 88' lang='lat' dir='ltr'>mansit</span> 
     </span>
     <span class='ocr_line' id='line_1_18' title="bbox 233 2133 1388 2223; baseline 0 -23"><span class='ocrx_word' id='word_1_146' title='bbox 233 2136 324 2223; x_wconf 90' lang='lat' dir='ltr'>quasi</span> <span class='ocrx_word' id='word_1_147' title='bbox 353 2157 453 2221; x_wconf 90' lang='lat' dir='ltr'>usque</span> <span class='ocrx_word' id='word_1_148' title='bbox 475 2136 514 2199; x_wconf 90' lang='lat' dir='ltr'>ad</span> <span class='ocrx_word' id='word_1_149' title='bbox 545 2139 672 2199; x_wconf 86' lang='lat' dir='ltr'>aetatem</span> <span class='ocrx_word' id='word_1_150' title='bbox 701 2141 842 2200; x_wconf 88' lang='lat' dir='ltr'>nostram</span> <span class='ocrx_word' id='word_1_151' title='bbox 877 2136 973 2199; x_wconf 89' lang='lat' dir='ltr'>etiam</span> <span class='ocrx_word' id='word_1_152' title='bbox 1002 2135 1036 2198; x_wconf 90' lang='lat' dir='ltr'>in</span> <span class='ocrx_word' id='word_1_153' title='bbox 1059 2133 1204 2218; x_wconf 81' lang='lat' dir='ltr'>Europa,</span> <span class='ocrx_word' id='word_1_154' title='bbox 1238 2138 1275 2198; x_wconf 92' lang='lat' dir='ltr'>ut</span> <span class='ocrx_word' id='word_1_155' title='bbox 1298 2138 1388 2220; x_wconf 90' lang='lat' dir='ltr'>patet</span> 
     </span>
     <span class='ocr_line' id='line_1_19' title="bbox 233 2239 1386 2326; baseline -0.002 -20"><span class='ocrx_word' id='word_1_156' title='bbox 233 2263 338 2326; x_wconf 88' lang='lat' dir='ltr'>supra.</span> <span class='ocrx_word' id='word_1_157' title='bbox 385 2240 442 2304; x_wconf 79' lang='lat' dir='ltr'>Sed</span> <span class='ocrx_word' id='word_1_158' title='bbox 467 2245 499 2304; x_wconf 91' lang='lat' dir='ltr'>et</span> <span class='ocrx_word' id='word_1_159' title='bbox 521 2261 611 2302; x_wconf 88' lang='lat' dir='ltr'>sacra</span> <span class='ocrx_word' id='word_1_160' title='bbox 632 2239 790 2324; x_wconf 87' lang='lat' dir='ltr'>scriptura</span> <span class='ocrx_word' id='word_1_161' title='bbox 813 2240 939 2304; x_wconf 88' lang='lat' dir='ltr'>videtur</span> <span class='ocrx_word' id='word_1_162' title='bbox 962 2240 1140 2305; x_wconf 88' lang='lat' dir='ltr'>consentire</span> <span class='ocrx_word' id='word_1_163' title='bbox 1161 2239 1194 2303; x_wconf 91' lang='lat' dir='ltr'>in</span> <span class='ocrx_word' id='word_1_164' title='bbox 1211 2261 1386 2324; x_wconf 88' lang='lat' dir='ltr'>quercuum</span> 
     </span>
     <span class='ocr_line' id='line_1_20' title="bbox 234 2335 1505 2423; baseline -0.002 -13"><span class='ocrx_word' id='word_1_165' title='bbox 234 2345 448 2423; x_wconf 79' lang='lat' dir='ltr'>divinitatem,</span> <span class='ocrx_word' id='word_1_166' title='bbox 472 2367 547 2409; x_wconf 89' lang='lat' dir='ltr'>nam</span> <span class='ocrx_word' id='word_1_167' title='bbox 571 2343 711 2410; x_wconf 85' lang='lat' dir='ltr'>Abrahae</span> <span class='ocrx_word' id='word_1_168' title='bbox 735 2345 774 2410; x_wconf 88' lang='lat' dir='ltr'>ad</span> <span class='ocrx_word' id='word_1_169' title='bbox 797 2345 901 2410; x_wconf 90' lang='lat' dir='ltr'>ilicem</span> <span class='ocrx_word' id='word_1_170' title='bbox 923 2343 1068 2409; x_wconf 88' lang='lat' dir='ltr'>Mambre</span> <span class='ocrx_word' id='word_1_171' title='bbox 1099 2335 1225 2410; x_wconf 87' lang='lat' dir='ltr'>ostensa</span> <span class='ocrx_word' id='word_1_172' title='bbox 1255 2345 1387 2410; x_wconf 85' lang='lat' dir='ltr'>fuerunt</span> <span class='ocrx_word' id='word_1_173' title='bbox 1504 2351 1505 2356; x_wconf 76' lang='grc'>’</span> 
     </span>
     <span class='ocr_line' id='line_1_21' title="bbox 232 2448 1505 2536; baseline -0.001 -21"><span class='ocrx_word' id='word_1_174' title='bbox 232 2451 368 2536; x_wconf 81' lang='lat' dir='ltr'>grandia</span> <span class='ocrx_word' id='word_1_175' title='bbox 382 2449 542 2534; x_wconf 89' lang='lat' dir='ltr'>mysteria.</span> <span class='ocrx_word' id='word_1_176' title='bbox 593 2448 762 2514; x_wconf 86' lang='lat' dir='ltr'>Praeterea</span> <span class='ocrx_word' id='word_1_177' title='bbox 779 2473 849 2534; x_wconf 84' lang='lat' dir='ltr'>quae</span> <span class='ocrx_word' id='word_1_178' title='bbox 866 2449 1049 2528; x_wconf 80' lang='lat' dir='ltr'>dictasunt,</span> <span class='ocrx_word' id='word_1_179' title='bbox 1074 2450 1280 2534; x_wconf 90' lang='lat' dir='ltr'>antiquorum</span> <span class='ocrx_word' id='word_1_180' title='bbox 1294 2451 1386 2515; x_wconf 93' lang='lat' dir='ltr'>stoli·</span> <span class='ocrx_word' id='word_1_181' title='bbox 1504 2467 1505 2478; x_wconf 60' lang='lat'>¹</span> 
     </span>
     <span class='ocr_line' id='line_1_22' title="bbox 233 2553 1505 2640; baseline 0 -19"><span class='ocrx_word' id='word_1_182' title='bbox 233 2557 316 2622; x_wconf 88' lang='lat' dir='ltr'>ditas</span> <span class='ocrx_word' id='word_1_183' title='bbox 332 2560 455 2619; x_wconf 89' lang='lat' dir='ltr'>montes</span> <span class='ocrx_word' id='word_1_184' title='bbox 472 2553 639 2620; x_wconf 85' lang='lat' dir='ltr'>Orchaidis</span> <span class='ocrx_word' id='word_1_185' title='bbox 655 2555 667 2591; x_wconf 82' lang='lat'>³</span> <span class='ocrx_word' id='word_1_186' title='bbox 684 2553 843 2640; x_wconf 80' lang='lat' dir='ltr'>Nymphis</span> <span class='ocrx_word' id='word_1_187' title='bbox 859 2556 1020 2632; x_wconf 89' lang='lat' dir='ltr'>sacrabat;</span> <span class='ocrx_word' id='word_1_188' title='bbox 1046 2561 1078 2621; x_wconf 89' lang='lat' dir='ltr'>et</span> <span class='ocrx_word' id='word_1_189' title='bbox 1093 2556 1120 2621; x_wconf 88' lang='lat' dir='ltr'>si</span> <span class='ocrx_word' id='word_1_190' title='bbox 1136 2555 1245 2620; x_wconf 82' lang='lat' dir='ltr'>silvosi</span> <span class='ocrx_word' id='word_1_191' title='bbox 1260 2562 1385 2621; x_wconf 82' lang='lat' dir='ltr'>montes</span> <span class='ocrx_word' id='word_1_192' title='bbox 1504 2563 1505 2576; x_wconf 61' lang='lat'>¹</span> 
     </span>
     <span class='ocr_line' id='line_1_23' title="bbox 234 2659 1386 2745; baseline -0.001 -19"><span class='ocrx_word' id='word_1_193' title='bbox 234 2666 338 2738; x_wconf 78' lang='lat' dir='ltr'>erant,</span> <span class='ocrx_word' id='word_1_194' title='bbox 363 2659 530 2744; x_wconf 83' lang='lat' dir='ltr'>Nymphas</span> <span class='ocrx_word' id='word_1_195' title='bbox 553 2659 695 2744; x_wconf 90' lang='lat' dir='ltr'>Dryades</span> <span class='ocrx_word' id='word_1_196' title='bbox 718 2660 876 2745; x_wconf 72' lang='lat' dir='ltr'>praedictis</span> <span class='ocrx_word' id='word_1_197' title='bbox 898 2659 1094 2745; x_wconf 80' lang='lat' dir='ltr'>iungebant;</span> <span class='ocrx_word' id='word_1_198' title='bbox 1127 2667 1159 2725; x_wconf 91' lang='lat' dir='ltr'>et</span> <span class='ocrx_word' id='word_1_199' title='bbox 1181 2661 1208 2725; x_wconf 88' lang='lat' dir='ltr'>si</span> <span class='ocrx_word' id='word_1_200' title='bbox 1231 2682 1304 2726; x_wconf 90' lang='lat' dir='ltr'>cum</span> <span class='ocrx_word' id='word_1_201' title='bbox 1327 2659 1386 2725; x_wconf 88' lang='lat' dir='ltr'>boc</span> 
     </span>
     <span class='ocr_line' id='line_1_24' title="bbox 234 2763 1386 2851; baseline 0.003 -23"><span class='ocrx_word' id='word_1_202' title='bbox 234 2765 345 2850; x_wconf 86' lang='lat' dir='ltr'>aquosi</span> <span class='ocrx_word' id='word_1_203' title='bbox 368 2769 466 2839; x_wconf 79' lang='lat' dir='ltr'>erant,</span> <span class='ocrx_word' id='word_1_204' title='bbox 493 2763 659 2829; x_wconf 77' lang='lat' dir='ltr'>Naiades⁴</span> <span class='ocrx_word' id='word_1_205' title='bbox 683 2764 851 2851; x_wconf 87' lang='lat' dir='ltr'>Nymphas</span> <span class='ocrx_word' id='word_1_206' title='bbox 874 2767 1038 2831; x_wconf 88' lang='lat' dir='ltr'>sociabant</span> <span class='ocrx_word' id='word_1_207' title='bbox 1061 2767 1161 2831; x_wconf 88' lang='lat' dir='ltr'>dictis.</span> <span class='ocrx_word' id='word_1_208' title='bbox 1208 2766 1258 2830; x_wconf 82' lang='lat' dir='ltr'>Ex</span> <span class='ocrx_word' id='word_1_209' title='bbox 1282 2767 1386 2831; x_wconf 93' lang='lat' dir='ltr'>omni·</span> 
     </span>
     <span class='ocr_line' id='line_1_25' title="bbox 233 2869 1385 2956; baseline 0.001 -21"><span class='ocrx_word' id='word_1_210' title='bbox 233 2871 292 2935; x_wconf 91' lang='lat' dir='ltr'>bus</span> <span class='ocrx_word' id='word_1_211' title='bbox 307 2870 358 2934; x_wconf 92' lang='lat' dir='ltr'>his</span> <span class='ocrx_word' id='word_1_212' title='bbox 373 2875 472 2955; x_wconf 84' lang='lat' dir='ltr'>patet,</span> <span class='ocrx_word' id='word_1_213' title='bbox 495 2875 636 2935; x_wconf 89' lang='lat' dir='ltr'>montem</span> <span class='ocrx_word' id='word_1_214' title='bbox 652 2871 830 2954; x_wconf 76' lang='lat' dir='ltr'>Elchingen</span> <span class='ocrx_word' id='word_1_215' title='bbox 847 2875 1006 2936; x_wconf 87' lang='lat' dir='ltr'>sacratum</span> <span class='ocrx_word' id='word_1_216' title='bbox 1022 2870 1181 2956; x_wconf 91' lang='lat' dir='ltr'>quondam</span> <span class='ocrx_word' id='word_1_217' title='bbox 1196 2869 1267 2935; x_wconf 90' lang='lat' dir='ltr'>Diis</span> <span class='ocrx_word' id='word_1_218' title='bbox 1288 2870 1385 2937; x_wconf 88' lang='lat' dir='ltr'>fuisse</span> 
     </span>
     <span class='ocr_line' id='line_1_26' title="bbox 234 2967 1505 3061; baseline 0.001 -22"><span class='ocrx_word' id='word_1_219' title='bbox 234 2976 283 3040; x_wconf 85' lang='lat' dir='ltr'>vel</span> <span class='ocrx_word' id='word_1_220' title='bbox 308 2976 426 3061; x_wconf 87' lang='lat' dir='ltr'>absque</span> <span class='ocrx_word' id='word_1_221' title='bbox 449 2975 651 3040; x_wconf 71' lang='lat' dir='ltr'>hesitatione</span> <span class='ocrx_word' id='word_1_222' title='bbox 674 2975 861 3040; x_wconf 75' lang='lat' dir='ltr'>sociabilem</span> <span class='ocrx_word' id='word_1_223' title='bbox 884 2975 990 3039; x_wconf 85' lang='lat' dir='ltr'>fuisse.</span> <span class='ocrx_word' id='word_1_224' title='bbox 1037 2975 1081 3040; x_wconf 86' lang='lat' dir='ltr'>Et</span> <span class='ocrx_word' id='word_1_225' title='bbox 1104 2975 1216 3060; x_wconf 78' lang='lat' dir='ltr'>primo,</span> <span class='ocrx_word' id='word_1_226' title='bbox 1240 2975 1317 3059; x_wconf 91' lang='lat' dir='ltr'>qnia</span> <span class='ocrx_word' id='word_1_227' title='bbox 1339 2975 1385 3041; x_wconf 92' lang='lat' dir='ltr'>ibi</span> <span class='ocrx_word' id='word_1_228' title='bbox 1503 2967 1505 3058; x_wconf 62' lang='lat' dir='ltr'>i</span> 
     </span>
     <span class='ocr_line' id='line_1_27' title="bbox 234 3079 1385 3166; baseline 0.006 -22"><span class='ocrx_word' id='word_1_229' title='bbox 234 3081 366 3164; x_wconf 79' lang='lat' dir='ltr'>glandes</span> <span class='ocrx_word' id='word_1_230' title='bbox 389 3086 542 3166; x_wconf 87' lang='lat' dir='ltr'>tanquam</span> <span class='ocrx_word' id='word_1_231' title='bbox 567 3080 712 3145; x_wconf 82' lang='lat' dir='ltr'>meliores</span> <span class='ocrx_word' id='word_1_232' title='bbox 735 3079 937 3166; x_wconf 82' lang='lat' dir='ltr'>eligebantur</span> <span class='ocrx_word' id='word_1_233' title='bbox 953 3104 972 3144; x_wconf 90' lang='lat' dir='ltr'>a</span> <span class='ocrx_word' id='word_1_234' title='bbox 987 3079 1186 3146; x_wconf 81' lang='lat' dir='ltr'>silvestribus</span> <span class='ocrx_word' id='word_1_235' title='bbox 1202 3081 1385 3146; x_wconf 89' lang='lat' dir='ltr'>hominibus</span> 
     </span>
     <span class='ocr_line' id='line_1_28' title="bbox 233 3173 1505 3272; baseline 0.002 -22"><span class='ocrx_word' id='word_1_236' title='bbox 233 3187 267 3250; x_wconf 92' lang='lat' dir='ltr'>in</span> <span class='ocrx_word' id='word_1_237' title='bbox 290 3185 405 3266; x_wconf 88' lang='lat' dir='ltr'>cibum,</span> <span class='ocrx_word' id='word_1_238' title='bbox 429 3191 560 3271; x_wconf 90' lang='lat' dir='ltr'>propter</span> <span class='ocrx_word' id='word_1_239' title='bbox 582 3186 665 3272; x_wconf 92' lang='lat' dir='ltr'>quod</span> <span class='ocrx_word' id='word_1_240' title='bbox 688 3191 830 3250; x_wconf 91' lang='lat' dir='ltr'>montem</span> <span class='ocrx_word' id='word_1_241' title='bbox 853 3191 1006 3270; x_wconf 84' lang='lat' dir='ltr'>tanquam</span> <span class='ocrx_word' id='word_1_242' title='bbox 1021 3185 1241 3250; x_wconf 89' lang='lat' dir='ltr'>habitaculum</span> <span class='ocrx_word' id='word_1_243' title='bbox 1256 3209 1385 3252; x_wconf 90' lang='lat' dir='ltr'>suorum</span> <span class='ocrx_word' id='word_1_244' title='bbox 1504 3173 1505 3184; x_wconf 11' lang='grc' dir='ltr'>ἵ</span> 
     </span>
     <span class='ocr_line' id='line_1_29' title="bbox 233 3289 1387 3376; baseline 0.001 -21"><span class='ocrx_word' id='word_1_245' title='bbox 233 3291 374 3356; x_wconf 89' lang='lat' dir='ltr'>Deorum</span> <span class='ocrx_word' id='word_1_246' title='bbox 396 3292 428 3355; x_wconf 92' lang='lat' dir='ltr'>id</span> <span class='ocrx_word' id='word_1_247' title='bbox 460 3297 508 3356; x_wconf 87' lang='lat' dir='ltr'>est</span> <span class='ocrx_word' id='word_1_248' title='bbox 539 3313 710 3376; x_wconf 89' lang='lat' dir='ltr'>quercuum</span> <span class='ocrx_word' id='word_1_249' title='bbox 741 3296 900 3356; x_wconf 88' lang='lat' dir='ltr'>sacratum</span> <span class='ocrx_word' id='word_1_250' title='bbox 929 3290 1100 3356; x_wconf 82' lang='lat' dir='ltr'>habebant.</span> <span class='ocrx_word' id='word_1_251' title='bbox 1146 3289 1290 3358; x_wconf 85' lang='lat' dir='ltr'>Secundo</span> <span class='ocrx_word' id='word_1_252' title='bbox 1313 3291 1387 3358; x_wconf 84' lang='lat' dir='ltr'>Jovi</span> 
     </span>
     <span class='ocr_line' id='line_1_30' title="bbox 234 3385 1505 3482; baseline 0.002 -22"><span class='ocrx_word' id='word_1_253' title='bbox 234 3395 396 3461; x_wconf 87' lang='lat' dir='ltr'>Dodonaeo</span> <span class='ocrx_word' id='word_1_254' title='bbox 420 3395 468 3460; x_wconf 87' lang='lat' dir='ltr'>vel</span> <span class='ocrx_word' id='word_1_255' title='bbox 492 3395 567 3460; x_wconf 83' lang='lat' dir='ltr'>Jovi</span> <span class='ocrx_word' id='word_1_256' title='bbox 583 3395 731 3482; x_wconf 90' lang='lat' dir='ltr'>Olympio</span> <span class='ocrx_word' id='word_1_257' title='bbox 754 3399 786 3460; x_wconf 90' lang='lat' dir='ltr'>et</span> <span class='ocrx_word' id='word_1_258' title='bbox 809 3385 938 3480; x_wconf 85' lang='lat' dir='ltr'>propter</span> <span class='ocrx_word' id='word_1_259' title='bbox 955 3415 1089 3480; x_wconf 89' lang='lat' dir='ltr'>quercus</span> <span class='ocrx_word' id='word_1_260' title='bbox 1112 3399 1145 3460; x_wconf 89' lang='lat' dir='ltr'>et</span> <span class='ocrx_word' id='word_1_261' title='bbox 1165 3402 1297 3481; x_wconf 83' lang='lat' dir='ltr'>propter</span> <span class='ocrx_word' id='word_1_262' title='bbox 1312 3399 1386 3464; x_wconf 89' lang='lat' dir='ltr'>alti·</span> <span class='ocrx_word' id='word_1_263' title='bbox 1504 3425 1505 3462; x_wconf 70' lang='lat' dir='ltr'>i</span> 
     </span>
     <span class='ocr_line' id='line_1_31' title="bbox 235 3493 1505 3586; baseline 0.005 -23"><span class='ocrx_word' id='word_1_264' title='bbox 235 3501 378 3565; x_wconf 88' lang='lat' dir='ltr'>tudinem</span> <span class='ocrx_word' id='word_1_265' title='bbox 401 3507 470 3566; x_wconf 88' lang='lat' dir='ltr'>erat</span> <span class='ocrx_word' id='word_1_266' title='bbox 492 3505 642 3566; x_wconf 87' lang='lat' dir='ltr'>sacratus.</span> <span class='ocrx_word' id='word_1_267' title='bbox 687 3499 779 3566; x_wconf 91' lang='lat' dir='ltr'>Unde</span> <span class='ocrx_word' id='word_1_268' title='bbox 804 3523 885 3585; x_wconf 84' lang='lat' dir='ltr'>saepe</span> <span class='ocrx_word' id='word_1_269' title='bbox 905 3499 1040 3586; x_wconf 82' lang='lat' dir='ltr'>legimus</span> <span class='ocrx_word' id='word_1_270' title='bbox 1057 3500 1165 3566; x_wconf 85' lang='lat' dir='ltr'>divum</span> <span class='ocrx_word' id='word_1_271' title='bbox 1183 3501 1385 3569; x_wconf 83' lang='lat' dir='ltr'>Benedictum</span> <span class='ocrx_word' id='word_1_272' title='bbox 1504 3493 1505 3558; x_wconf 69' lang='lat' dir='ltr'>i</span> 
     </span>
     <span class='ocr_line' id='line_1_32' title="bbox 237 3605 1505 3690; baseline 0.003 -20"><span class='ocrx_word' id='word_1_273' title='bbox 237 3607 313 3670; x_wconf 89' lang='lat' dir='ltr'>fana</span> <span class='ocrx_word' id='word_1_274' title='bbox 324 3605 414 3670; x_wconf 87' lang='lat' dir='ltr'>Jovis</span> <span class='ocrx_word' id='word_1_275' title='bbox 430 3611 462 3670; x_wconf 91' lang='lat' dir='ltr'>et</span> <span class='ocrx_word' id='word_1_276' title='bbox 477 3605 636 3689; x_wconf 86' lang='lat' dir='ltr'>Apollinis</span> <span class='ocrx_word' id='word_1_277' title='bbox 652 3606 689 3669; x_wconf 90' lang='lat' dir='ltr'>de</span> <span class='ocrx_word' id='word_1_278' title='bbox 706 3605 868 3671; x_wconf 87' lang='lat' dir='ltr'>montibus</span> <span class='ocrx_word' id='word_1_279' title='bbox 884 3605 1107 3690; x_wconf 71' lang='lat' dir='ltr'>praecipitasse.</span> <span class='ocrx_word' id='word_1_280' title='bbox 1132 3605 1191 3671; x_wconf 87' lang='lat' dir='ltr'>Sed</span> <span class='ocrx_word' id='word_1_281' title='bbox 1208 3611 1241 3672; x_wconf 88' lang='lat' dir='ltr'>et</span> <span class='ocrx_word' id='word_1_282' title='bbox 1256 3606 1384 3687; x_wconf 84' lang='lat' dir='ltr'>Faunis,</span> <span class='ocrx_word' id='word_1_283' title='bbox 1503 3621 1505 3650; x_wconf 67' lang='lat'><strong>¹</strong></span> 
     </span>
     <span class='ocr_line' id='line_1_33' title="bbox 236 3695 1385 3797; baseline 0.004 -23"><span class='ocrx_word' id='word_1_284' title='bbox 236 3709 359 3795; x_wconf 86' lang='lat' dir='ltr'>Satyris</span> <span class='ocrx_word' id='word_1_285' title='bbox 382 3715 414 3774; x_wconf 92' lang='lat' dir='ltr'>et</span> <span class='ocrx_word' id='word_1_286' title='bbox 437 3709 597 3796; x_wconf 89' lang='lat' dir='ltr'>Nymphis</span> <span class='ocrx_word' id='word_1_287' title='bbox 620 3709 787 3787; x_wconf 88' lang='lat' dir='ltr'>montium,</span> <span class='ocrx_word' id='word_1_288' title='bbox 811 3695 963 3775; x_wconf 81' lang='lat' dir='ltr'>silvarum</span> <span class='ocrx_word' id='word_1_289' title='bbox 995 3710 1286 3797; x_wconf 88' lang='lat' dir='ltr'>humiditatumque</span> <span class='ocrx_word' id='word_1_290' title='bbox 1316 3712 1385 3779; x_wconf 89' lang='lat' dir='ltr'>Diis</span> 
     </span>
     <span class='ocr_line' id='line_1_34' title="bbox 236 3815 1385 3904; baseline 0.003 -24"><span class='ocrx_word' id='word_1_291' title='bbox 236 3815 423 3880; x_wconf 87' lang='lat' dir='ltr'>sacrabilem</span> <span class='ocrx_word' id='word_1_292' title='bbox 446 3838 518 3880; x_wconf 92' lang='lat' dir='ltr'>eum</span> <span class='ocrx_word' id='word_1_293' title='bbox 542 3820 682 3880; x_wconf 83' lang='lat' dir='ltr'>montem</span> <span class='ocrx_word' id='word_1_294' title='bbox 697 3836 789 3880; x_wconf 91' lang='lat' dir='ltr'>nemo</span> <span class='ocrx_word' id='word_1_295' title='bbox 806 3815 989 3900; x_wconf 85' lang='lat' dir='ltr'>intelligens</span> <span class='ocrx_word' id='word_1_296' title='bbox 1005 3815 1142 3881; x_wconf 85' lang='lat' dir='ltr'>dubitat.</span> <span class='ocrx_word' id='word_1_297' title='bbox 1189 3818 1283 3883; x_wconf 89' lang='lat' dir='ltr'>etita</span> <span class='ocrx_word' id='word_1_298' title='bbox 1298 3823 1385 3904; x_wconf 86' lang='lat' dir='ltr'>patet</span> 
     </span>
     <span class='ocr_line' id='line_1_35' title="bbox 237 3921 1505 4005; baseline -0.006 -18"><span class='ocrx_word' id='word_1_299' title='bbox 237 3921 408 3986; x_wconf 89' lang='lat' dir='ltr'>secundum</span> <span class='ocrx_word' id='word_1_300' title='bbox 431 3921 631 4005; x_wconf 87' lang='lat' dir='ltr'>promissum.</span> <span class='ocrx_word' id='word_1_301' title='bbox 1504 3991 1505 4000; x_wconf 9' lang='grc' dir='ltr'>χ</span> 
     </span>
     <span class='ocr_line' id='line_1_36' title="bbox 289 4024 1505 4105; baseline 0.002 -16"><span class='ocrx_word' id='word_1_302' title='bbox 289 4059 291 4064; x_wconf 92' lang='grc'><strong><em>·</em></strong></span> <span class='ocrx_word' id='word_1_303' title='bbox 325 4024 433 4090; x_wconf 85' lang='lat' dir='ltr'>Tertio</span> <span class='ocrx_word' id='word_1_304' title='bbox 456 4025 494 4089; x_wconf 91' lang='lat' dir='ltr'>de</span> <span class='ocrx_word' id='word_1_305' title='bbox 517 4026 617 4090; x_wconf 87' lang='lat' dir='ltr'>abusu</span> <span class='ocrx_word' id='word_1_306' title='bbox 640 4025 776 4092; x_wconf 88' lang='lat' dir='ltr'>seculari</span> <span class='ocrx_word' id='word_1_307' title='bbox 798 4027 831 4091; x_wconf 90' lang='lat' dir='ltr'>in</span> <span class='ocrx_word' id='word_1_308' title='bbox 854 4025 923 4092; x_wconf 89' lang='lat' dir='ltr'>loco</span> <span class='ocrx_word' id='word_1_309' title='bbox 945 4027 1001 4094; x_wconf 89' lang='lat' dir='ltr'>illo</span> <span class='ocrx_word' id='word_1_310' title='bbox 1026 4027 1133 4093; x_wconf 68' lang='lat' dir='ltr'>vidue</span> <span class='ocrx_word' id='word_1_311' title='bbox 1149 4033 1258 4094; x_wconf 86' lang='lat' dir='ltr'>restat.</span> <span class='ocrx_word' id='word_1_312' title='bbox 1305 4028 1384 4105; x_wconf 85' lang='lat' dir='ltr'>Quia</span> <span class='ocrx_word' id='word_1_313' title='bbox 1504 4037 1505 4050; x_wconf 64' lang='lat'>¹</span> 
     </span>
    </p>
   </div>
   <div class='ocr_carea' id='block_1_3' title="bbox 802 4163 820 4202">
    <p class='ocr_par' dir='ltr' id='par_1_3' title="bbox 802 4163 820 4202">
     <span class='ocr_line' id='line_1_37' title="bbox 802 4163 820 4202; baseline 0 0"><span class='ocrx_word' id='word_1_314' title='bbox 802 4163 820 4202; x_wconf 74' lang='lat' dir='ltr'>¹l¹</span> 
     </span>
    </p>
   </div>
   <div class='ocr_carea' id='block_1_4' title="bbox 238 4266 1384 4426">
    <p class='ocr_par' dir='ltr' id='par_1_4' title="bbox 238 4266 1384 4426">
     <span class='ocr_line' id='line_1_38' title="bbox 309 4266 1384 4338; baseline 0.003 -18"><span class='ocrx_word' id='word_1_315' title='bbox 309 4266 574 4330; x_wconf 66' lang='lat' dir='ltr'>rucinnulos.</span> <span class='ocrx_word' id='word_1_316' title='bbox 609 4269 698 4326; x_wconf 78' lang='lat' dir='ltr'>ares.</span> <span class='ocrx_word' id='word_1_317' title='bbox 713 4272 755 4334; x_wconf 82' lang='lat'>44,</span> <span class='ocrx_word' id='word_1_318' title='bbox 777 4271 871 4326; x_wconf 82' lang='lat'>13.14.</span> <span class='ocrx_word' id='word_1_319' title='bbox 911 4269 1180 4326; x_wconf 85' lang='lat' dir='ltr'>30rchaidisGold.</span> <span class='ocrx_word' id='word_1_320' title='bbox 1194 4271 1234 4323; x_wconf 82' lang='lat' dir='ltr'>ut</span> <span class='ocrx_word' id='word_1_321' title='bbox 1264 4268 1384 4338; x_wconf 85' lang='lat' dir='ltr'>Orcbay·</span> 
     </span>
     <span class='ocr_line' id='line_1_39' title="bbox 238 4352 1062 4426; baseline 0.01 -22"><span class='ocrx_word' id='word_1_322' title='bbox 238 4352 280 4406; x_wconf 91' lang='lat' dir='ltr'>dis</span> <span class='ocrx_word' id='word_1_323' title='bbox 298 4352 358 4407; x_wconf 88' lang='lat' dir='ltr'>Sch.</span> <span class='ocrx_word' id='word_1_324' title='bbox 380 4352 423 4406; x_wconf 82' lang='lat' dir='ltr'>Kl.</span> <span class='ocrx_word' id='word_1_325' title='bbox 444 4353 515 4409; x_wconf 88' lang='lat' dir='ltr'>Mon.</span> <span class='ocrx_word' id='word_1_326' title='bbox 539 4357 560 4408; x_wconf 92' lang='lat' dir='ltr'>l.</span> <span class='ocrx_word' id='word_1_327' title='bbox 633 4357 647 4408; x_wconf 86' lang='grc'><strong>4</strong></span> <span class='ocrx_word' id='word_1_328' title='bbox 667 4355 784 4426; x_wconf 86' lang='lat' dir='ltr'>Naydas</span> <span class='ocrx_word' id='word_1_329' title='bbox 804 4357 876 4412; x_wconf 85' lang='lat' dir='ltr'>Mon.</span> <span class='ocrx_word' id='word_1_330' title='bbox 897 4359 919 4412; x_wconf 87' lang='lat'>1.</span> <span class='ocrx_word' id='word_1_331' title='bbox 939 4356 998 4412; x_wconf 77' lang='lat' dir='ltr'>scu</span> <span class='ocrx_word' id='word_1_332' title='bbox 1018 4356 1062 4412; x_wconf 92' lang='lat' dir='ltr'>Kl.</span> 
     </span>
    </p>
   </div>
   <div class='ocr_carea' id='block_1_5' title="bbox 0 0 1546 4936">
    <p class='ocr_par' dir='ltr' id='par_1_5' title="bbox 0 0 1546 4936">
     <span class='ocr_line' id='line_1_40' title="bbox 0 0 1546 4936; baseline 0 0"><span class='ocrx_word' id='word_1_333' title='bbox 0 0 1546 4936; x_wconf 95' lang='lat' dir='ltr'> </span> 
     </span>
    </p>
   </div>
  </div>
 </body>
</html>
