2996 4924
690 328 730 394 15

225 513 266 552 ¹⁸⁶
291 495 329 566 ln
351 481 504 589 gaudium
527 503 664 569 tristicia
685 508 743 570 tua
764 509 975 585 convertetur,

290 605 402 674 Omnis
424 615 499 675 tuus
520 610 648 697 genitus
671 633 755 675 nunc
777 611 873 676 finem
895 611 1065 688 sortietur;
1150 679 1154 688 ,

289 713 338 779 De
359 719 416 780 tuo
438 738 551 801 nempe
573 717 693 782 semine
714 739 789 782 nam
812 717 992 803 egredietur

290 817 400 887 Proles
421 820 607 902 honorifice,
630 845 687 906 per
710 845 806 907 quam
830 822 1002 888 redimetur

288 925 483 994 Universum
505 929 646 994 seculum
669 919 701 995 et
723 931 911 995 restituetur

221 1051 262 1088 1⁹0
289 1031 437 1118 Regnum
446 1034 551 1100 David
565 1035 666 1118 patris
682 1035 740 1115 tui,
764 1036 848 1121 quod
864 1058 1027 1120 nunquam
1050 1040 1277 1122 corrumpetur.

289 1136 451 1225 Sexusque
473 1139 602 1205 feminei
624 1139 663 1204 fit
685 1141 789 1225 proles
811 1141 869 1206 hec
891 1141 995 1222 beata,

288 1243 333 1309 Et
355 1245 389 1309 in
411 1245 524 1310 matris
546 1248 636 1310 ute'ro
659 1245 697 1309 fit
719 1245 934 1324 sanctificata3

287 1347 455 1436 Huiusque
477 1351 581 1435 puelle
602 1373 717 1416 nomen
740 1353 905 1416 vocabitur
922 1350 1041 1431 Maria,

216 1539 219 1546 .
287 1453 418 1541 Semper
439 1457 531 1543 virgo
553 1479 751 1541 permanens,
776 1463 811 1522 ut
833 1458 925 1522 nobis
948 1456 1117 1542 prophetia

219 1577 261 1616 ινδ
288 1559 422 1626 Petrum
444 1561 556 1626 scribit
578 1562 783 1646 antiquorum
798 1566 901 1647 atque
923 1562 1068 1648 figuralis

288 1666 454 1756 Scriptura
474 1667 567 1732 nobis
590 1667 690 1732 edidit
712 1667 777 1732 sive
799 1668 1005 1752 prophetalis.

286 1771 398 1839 Vitam
420 1772 515 1838 huius
538 1773 672 1859 virginis
694 1773 755 1837 tibi
777 1775 934 1854 reserab0,

286 1875 431 1954 Qualiter
452 1877 535 1943 hanc
558 1879 689 1944 educare
711 1877 825 1943 debeas
848 1879 995 1944 narrabo.

286 1982 354 2049 Hec
375 1983 627 2049 sanctificabitur
648 1984 683 2048 in
704 1985 817 2049 matris
840 1985 907 2049 eius
930 1985 1012 2066 alvo,

217 2109 259 2148 ιω
287 2087 354 2154 Neo
376 2111 517 2174 unquam
539 2089 762 2174 inquinabitur
784 2091 875 2156 corde
898 2113 955 2156 suo
981 2092 1070 2158 salvo

288 2196 316 2259 A
339 2195 461 2280 peccati
483 2195 617 2274 macula,
640 2196 694 2260 sed
716 2217 839 2280 semper
862 2198 1061 2280 permanebit

287 2299 408 2365 Munda
430 2300 533 2386 virgo,
556 2301 618 2365 toti
640 2301 758 2366 mundo
781 2283 949 2386 lumenque
972 2304 1133 2387 prebebit;

285 2404 406 2471 Tamen
427 2405 486 2471 hec
509 2405 664 2490 concipiet
686 2407 720 2470 in
743 2411 834 2471 utero
856 2429 913 2491 per
931 2407 1028 2473 deum

285 2509 433 2592 Puerum,
457 2535 552 2597 quem
574 2513 688 2597 pariet,
710 2517 743 2600 et
765 2513 898 2578 lactabit
920 2537 990 2579 eum

215 2633 259 2674 2⁰⁶
286 2615 450 2702 Virgineis
473 2618 623 2684 uberibus
647 2641 703 2703 per
724 2620 874 2684 virtutem
899 2619 959 2700 dei,

284 2719 370 2788 Nam
393 2724 495 2788 virtus
517 2723 617 2788 sancti
641 2725 772 2809 spiritus
796 2724 1001 2790 obumbrabit
1023 2726 1070 2805 ei;

284 2825 390 2913 Igitur
411 2829 550 2914 puellam
572 2828 662 2894 illam
684 2834 852 2915 postquam
879 2831 1064 2912 ablactabis,

255 3015 260 3024 ¹
285 2932 438 3000 Divinum
460 2935 500 3000 ad
522 2935 687 3024 servitium
708 2935 811 3020 ipsam
833 2936 1010 3021 deputabis,

284 3037 329 3102 Et
350 3045 424 3124 post
445 3045 566 3126 septem
588 3062 688 3106 annos
709 3041 792 3106 hanc
816 3042 934 3126 templo
957 3043 1153 3127 presentabis

215 3160 258 3198 2¹⁰
285 3143 393 3230 Atque
415 3147 630 3212 sacerdotibus
652 3146 719 3211 illic
740 3147 927 3233 assignabis.

285 3249 433 3338 Namque
455 3274 526 3317 cum
549 3252 727 3338 virginibus
750 3253 926 3337 intemplo
949 3276 1011 3338 que
1034 3260 1210 3336 morantur,

284 3354 396 3443 Ibique
419 3357 549 3424 cottidie
571 3359 628 3424 deo
651 3357 858 3438 famulantur,

285 3461 353 3528 Hec
375 3463 468 3550 virgo
490 3464 667 3530 castissima
688 3464 807 3550 iugiter
830 3463 983 3544 manebit,

285 3565 323 3632 ln
346 3567 458 3654 deique
480 3569 611 3635 servitio
634 3592 757 3654 semper
781 3569 957 3654 apparebit.

217 3687 259 3726 ²¹⁶
285 3669 436 3759 Unquam
459 3675 563 3739 virum
585 3674 793 3759 concupiscet,
818 3674 872 3740 red
894 3674 1050 3739 inviolata

283 3775 386 3867 Virgo
408 3803 533 3865 semper
554 3779 753 3866 permanebit
774 3783 807 3845 et
829 3779 1042 3844 immaculata.

283 3883 421 3952 Puerum
443 3887 599 3971 concipiet
620 3885 787 3972 et'pariet,
810 3885 865 3970 qui
888 3885 939 3951 dei

285 3989 386 4059 lilius
407 3993 583 4074 vocabitur,
606 3997 639 4058 et
661 3991 837 4058 subdentur
858 3991 887 4056 ei

689 4145 708 4186 *

190 4249 230 4307 V.
252 4251 301 4308 191
321 4249 342 4307 0
359 4255 388 4309 et
405 4255 479 4310 statt
496 4255 552 4311 heu
637 4256 687 4310 193
705 4255 724 4309 Ζ
743 4255 869 4324 Eiusque.
969 4253 1001 4307 V.
1022 4253 1072 4308 199
1091 4253 1110 4308 Ζ
1131 4253 1196 4308 lieet
1216 4251 1274 4310 Dec

103 4339 350 4403 sanctificabitur
367 4340 397 4396 in
414 4341 515 4398 matris
528 4359 576 4398 sue
589 4342 662 4408 alvo,
681 4343 733 4398 wie
745 4343 817 4397 auch
830 4341 960 4398 Walther
973 4359 1026 4396 von
1036 4339 1164 4397 Rheinan
1183 4359 1209 4396 ι.
1222 4342 1274 4396 193

102 4432 172 4490 und
189 4427 251 4484 404
269 4427 414 4485 bbereetat.
477 4431 528 4485 215
547 4429 605 4485 und
625 4431 656 4486 16
675 4429 738 4486 sind
755 4430 786 4485 in
806 4427 827 4484 0
846 4429 892 4484 die
909 4428 1082 4484 rcimworter
1101 4427 1272 4484 vertensoht.
