<?xml version="1.0" encoding="UTF-8"?>
<!DOCTYPE html PUBLIC "-//W3C//DTD XHTML 1.0 Transitional//EN"
    "http://www.w3.org/TR/xhtml1/DTD/xhtml1-transitional.dtd">
<html xmlns="http://www.w3.org/1999/xhtml" xml:lang="en" lang="en">
 <head>
  <title>
</title>
<meta http-equiv="Content-Type" content="text/html;charset=utf-8" />
  <meta name='ocr-system' content='tesseract 3.04.00' />
  <meta name='ocr-capabilities' content='ocr_page ocr_carea ocr_par ocr_line ocrx_word'/>
</head>
<body>
  <div class='ocr_page' id='page_1' title='image "./vitabeatevirgin01vggoog_0253.png"; bbox 0 0 3034 4922; ppageno 0'>
   <div class='ocr_carea' id='block_1_1' title="bbox 667 361 731 425">
    <p class='ocr_par' dir='ltr' id='par_1_1' title="bbox 667 361 731 425">
     <span class='ocr_line' id='line_1_1' title="bbox 667 361 731 425; baseline -0.016 0"><span class='ocrx_word' id='word_1_1' title='bbox 667 361 731 425; x_wconf 84' lang='lat'>245</span> 
     </span>
    </p>
   </div>
   <div class='ocr_carea' id='block_1_2' title="bbox 203 534 1095 729">
    <p class='ocr_par' dir='ltr' id='par_1_2' title="bbox 203 534 1095 729">
     <span class='ocr_line' id='line_1_2' title="bbox 283 534 1073 622; baseline -0.001 -21"><span class='ocrx_word' id='word_1_2' title='bbox 283 535 335 602; x_wconf 84' lang='lat' dir='ltr'>Sic</span> <span class='ocrx_word' id='word_1_3' title='bbox 357 559 456 622; x_wconf 88' lang='lat' dir='ltr'>usque</span> <span class='ocrx_word' id='word_1_4' title='bbox 480 535 582 601; x_wconf 86' lang='lat' dir='ltr'>noctis</span> <span class='ocrx_word' id='word_1_5' title='bbox 605 535 743 601; x_wconf 89' lang='lat' dir='ltr'>medium</span> <span class='ocrx_word' id='word_1_6' title='bbox 766 534 902 620; x_wconf 91' lang='lat' dir='ltr'>apostoli</span> <span class='ocrx_word' id='word_1_7' title='bbox 925 535 1073 600; x_wconf 87' lang='lat' dir='ltr'>sederunt</span> 
     </span>
     <span class='ocr_line' id='line_1_3' title="bbox 203 641 1095 729; baseline 0.009 -32"><span class='ocrx_word' id='word_1_8' title='bbox 203 661 256 700; x_wconf 72' lang='lat' dir='ltr'>rara</span> <span class='ocrx_word' id='word_1_9' title='bbox 282 641 528 728; x_wconf 60' lang='lat' dir='ltr'>hansitumque</span> <span class='ocrx_word' id='word_1_10' title='bbox 549 642 683 729; x_wconf 83' lang='lat' dir='ltr'>virginis</span> <span class='ocrx_word' id='word_1_11' title='bbox 707 647 834 708; x_wconf 90' lang='lat' dir='ltr'>orantes</span> <span class='ocrx_word' id='word_1_12' title='bbox 856 641 1095 726; x_wconf 71' lang='lat' dir='ltr'><strong>deplanxerunt.</strong></span> 
     </span>
    </p>
   </div>
   <div class='ocr_carea' id='block_1_3' title="bbox 162 935 1229 1154">
    <p class='ocr_par' dir='ltr' id='par_1_3' title="bbox 162 935 1229 1154">
     <span class='ocr_line' id='line_1_4' title="bbox 162 935 1229 1036; baseline -0.007 -23"><span class='ocrx_word' id='word_1_13' title='bbox 162 939 269 1025; x_wconf 81' lang='lat' dir='ltr'>Quod</span> <span class='ocrx_word' id='word_1_14' title='bbox 296 940 419 1036; x_wconf 88' lang='lat' dir='ltr'>plures</span> <span class='ocrx_word' id='word_1_15' title='bbox 446 939 607 1032; x_wconf 86' lang='lat' dir='ltr'>virgines</span> <span class='ocrx_word' id='word_1_16' title='bbox 635 939 675 1009; x_wconf 93' lang='lat' dir='ltr'>et</span> <span class='ocrx_word' id='word_1_17' title='bbox 702 937 774 1010; x_wconf 89' lang='lat' dir='ltr'>elie</span> <span class='ocrx_word' id='word_1_18' title='bbox 803 937 977 1010; x_wconf 89' lang='lat' dir='ltr'>mulieres</span> <span class='ocrx_word' id='word_1_19' title='bbox 1004 935 1164 1009; x_wconf 85' lang='lat' dir='ltr'>ederent</span> <span class='ocrx_word' id='word_1_20' title='bbox 1190 936 1229 1006; x_wconf 91' lang='lat' dir='ltr'>in</span> 
     </span>
     <span class='ocr_line' id='line_1_5' title="bbox 481 1059 913 1154; baseline -0.002 -20"><span class='ocrx_word' id='word_1_21' title='bbox 481 1062 588 1134; x_wconf 87' lang='lat' dir='ltr'>obitu</span> <span class='ocrx_word' id='word_1_22' title='bbox 614 1063 723 1135; x_wconf 88' lang='lat' dir='ltr'>beate</span> <span class='ocrx_word' id='word_1_23' title='bbox 750 1059 913 1154; x_wconf 81' lang='lat' dir='ltr'>virginis</span> 
     </span>
    </p>
   </div>
   <div class='ocr_carea' id='block_1_4' title="bbox 185 1268 1077 1866">
    <p class='ocr_par' dir='ltr' id='par_1_4' title="bbox 282 1268 1027 1360">
     <span class='ocr_line' id='line_1_6' title="bbox 282 1268 1027 1360; baseline -0.003 -20"><span class='ocrx_word' id='word_1_24' title='bbox 282 1274 432 1360; x_wconf 87' lang='lat' dir='ltr'>Virgines</span> <span class='ocrx_word' id='word_1_25' title='bbox 455 1278 487 1339; x_wconf 91' lang='lat' dir='ltr'>et</span> <span class='ocrx_word' id='word_1_26' title='bbox 507 1273 655 1338; x_wconf 86' lang='lat' dir='ltr'>mulieres</span> <span class='ocrx_word' id='word_1_27' title='bbox 677 1272 777 1338; x_wconf 90' lang='lat' dir='ltr'>multe</span> <span class='ocrx_word' id='word_1_28' title='bbox 799 1273 970 1360; x_wconf 80' lang='lat' dir='ltr'>vigilantes</span> <span class='ocrx_word' id='word_1_29' title='bbox 1023 1268 1027 1276; x_wconf 85' lang='grc'><strong>’</strong></span> 
     </span>
    </p>

    <p class='ocr_par' dir='ltr' id='par_1_5' title="bbox 185 1377 1077 1676">
     <span class='ocr_line' id='line_1_7' title="bbox 185 1377 1077 1462; baseline 0 -19"><span class='ocrx_word' id='word_1_30' title='bbox 185 1431 191 1442; x_wconf 94' lang='grc'><strong>.</strong></span> <span class='ocrx_word' id='word_1_31' title='bbox 280 1377 435 1443; x_wconf 89' lang='lat' dir='ltr'>Sederunt</span> <span class='ocrx_word' id='word_1_32' title='bbox 457 1377 539 1442; x_wconf 89' lang='lat' dir='ltr'>circa</span> <span class='ocrx_word' id='word_1_33' title='bbox 561 1377 695 1462; x_wconf 84' lang='lat' dir='ltr'>virginis</span> <span class='ocrx_word' id='word_1_34' title='bbox 717 1377 843 1458; x_wconf 89' lang='lat' dir='ltr'>lectum,</span> <span class='ocrx_word' id='word_1_35' title='bbox 867 1377 1077 1462; x_wconf 69' lang='lat' dir='ltr'>prestolantes</span> 
     </span>
     <span class='ocr_line' id='line_1_8' title="bbox 280 1483 911 1549; baseline 0 -1"><span class='ocrx_word' id='word_1_36' title='bbox 280 1483 465 1548; x_wconf 83' lang='lat' dir='ltr'>Transitum</span> <span class='ocrx_word' id='word_1_37' title='bbox 487 1488 518 1548; x_wconf 89' lang='lat' dir='ltr'>et</span> <span class='ocrx_word' id='word_1_38' title='bbox 540 1483 660 1548; x_wconf 81' lang='lat' dir='ltr'>exitum</span> <span class='ocrx_word' id='word_1_39' title='bbox 681 1483 788 1548; x_wconf 90' lang='lat' dir='ltr'>&#39;anime</span> <span class='ocrx_word' id='word_1_40' title='bbox 810 1483 911 1549; x_wconf 80' lang='lat' dir='ltr'>felicis</span> 
     </span>
     <span class='ocr_line' id='line_1_9' title="bbox 280 1587 950 1676; baseline 0.001 -23"><span class='ocrx_word' id='word_1_41' title='bbox 280 1587 394 1654; x_wconf 79' lang='lat' dir='ltr'>Sancte</span> <span class='ocrx_word' id='word_1_42' title='bbox 416 1587 516 1654; x_wconf 87' lang='lat' dir='ltr'>Marie</span> <span class='ocrx_word' id='word_1_43' title='bbox 539 1589 682 1676; x_wconf 87' lang='lat' dir='ltr'>virginis,</span> <span class='ocrx_word' id='word_1_44' title='bbox 705 1591 755 1654; x_wconf 91' lang='lat' dir='ltr'>dei</span> <span class='ocrx_word' id='word_1_45' title='bbox 778 1590 950 1674; x_wconf 80' lang='lat' dir='ltr'>genitricis.</span> 
     </span>
    </p>

    <p class='ocr_par' dir='ltr' id='par_1_6' title="bbox 202 1693 1025 1866">
     <span class='ocr_line' id='line_1_10' title="bbox 202 1693 1025 1779; baseline 0.001 -21"><span class='ocrx_word' id='word_1_46' title='bbox 202 1713 253 1750; x_wconf 79' lang='lat'>⁷³⁰⁰</span> <span class='ocrx_word' id='word_1_47' title='bbox 279 1693 352 1778; x_wconf 89' lang='lat' dir='ltr'>Ipsa</span> <span class='ocrx_word' id='word_1_48' title='bbox 375 1717 448 1760; x_wconf 85' lang='lat' dir='ltr'>vero</span> <span class='ocrx_word' id='word_1_49' title='bbox 471 1695 521 1759; x_wconf 92' lang='lat' dir='ltr'>dei</span> <span class='ocrx_word' id='word_1_50' title='bbox 542 1700 644 1760; x_wconf 90' lang='lat' dir='ltr'>mater</span> <span class='ocrx_word' id='word_1_51' title='bbox 666 1695 699 1759; x_wconf 93' lang='lat' dir='ltr'>in</span> <span class='ocrx_word' id='word_1_52' title='bbox 722 1695 838 1760; x_wconf 92' lang='lat' dir='ltr'>lectulo</span> <span class='ocrx_word' id='word_1_53' title='bbox 860 1694 1025 1779; x_wconf 89' lang='lat' dir='ltr'>pausabat,</span> 
     </span>
     <span class='ocr_line' id='line_1_11' title="bbox 281 1798 1014 1866; baseline -0.001 -1"><span class='ocrx_word' id='word_1_54' title='bbox 281 1798 422 1866; x_wconf 84' lang='lat' dir='ltr'>Psalmos</span> <span class='ocrx_word' id='word_1_55' title='bbox 445 1801 656 1866; x_wconf 68' lang='lat' dir='ltr'>alesaciones</span> <span class='ocrx_word' id='word_1_56' title='bbox 679 1805 800 1866; x_wconf 89' lang='lat' dir='ltr'>attente</span> <span class='ocrx_word' id='word_1_57' title='bbox 823 1801 1014 1866; x_wconf 78' lang='lat' dir='ltr'>ruminabat.</span> 
     </span>
    </p>
   </div>
   <div class='ocr_carea' id='block_1_5' title="bbox 202 2119 1181 2216">
    <p class='ocr_par' dir='ltr' id='par_1_7' title="bbox 202 2119 1181 2216">
     <span class='ocr_line' id='line_1_12' title="bbox 202 2119 1181 2216; baseline 0 -25"><span class='ocrx_word' id='word_1_58' title='bbox 202 2119 305 2204; x_wconf 82' lang='lat' dir='ltr'>Quod</span> <span class='ocrx_word' id='word_1_59' title='bbox 332 2119 442 2194; x_wconf 87' lang='lat' dir='ltr'>Jeeus</span> <span class='ocrx_word' id='word_1_60' title='bbox 470 2122 644 2216; x_wconf 83' lang='lat' dir='ltr'>apperuit</span> <span class='ocrx_word' id='word_1_61' title='bbox 671 2121 785 2194; x_wconf 85' lang='lat' dir='ltr'>metri</span> <span class='ocrx_word' id='word_1_62' title='bbox 811 2143 877 2194; x_wconf 88' lang='lat' dir='ltr'>sue</span> <span class='ocrx_word' id='word_1_63' title='bbox 905 2121 943 2191; x_wconf 89' lang='lat' dir='ltr'>in</span> <span class='ocrx_word' id='word_1_64' title='bbox 972 2119 1077 2193; x_wconf 88' lang='lat' dir='ltr'>obitu</span> <span class='ocrx_word' id='word_1_65' title='bbox 1105 2140 1181 2192; x_wconf 88' lang='lat' dir='ltr'>sue.</span> 
     </span>
    </p>
   </div>
   <div class='ocr_carea' id='block_1_6' title="bbox 202 2326 1183 3782">
    <p class='ocr_par' dir='ltr' id='par_1_8' title="bbox 202 2326 1183 3782">
     <span class='ocr_line' id='line_1_13' title="bbox 280 2326 953 2419; baseline -0.003 -25"><span class='ocrx_word' id='word_1_66' title='bbox 280 2327 370 2419; x_wconf 75' lang='lat' dir='ltr'>Circa</span> <span class='ocrx_word' id='word_1_67' title='bbox 393 2331 494 2396; x_wconf 85' lang='lat' dir='ltr'>noctis</span> <span class='ocrx_word' id='word_1_68' title='bbox 517 2330 655 2396; x_wconf 88' lang='lat' dir='ltr'>medium</span> <span class='ocrx_word' id='word_1_69' title='bbox 676 2330 832 2395; x_wconf 84' lang='lat' dir='ltr'>maximus</span> <span class='ocrx_word' id='word_1_70' title='bbox 855 2326 953 2394; x_wconf 88' lang='lat' dir='ltr'>fiebat</span> 
     </span>
     <span class='ocr_line' id='line_1_14' title="bbox 278 2433 1183 2522; baseline -0.006 -21"><span class='ocrx_word' id='word_1_71' title='bbox 278 2437 325 2502; x_wconf 91' lang='lat' dir='ltr'>De</span> <span class='ocrx_word' id='word_1_72' title='bbox 347 2437 414 2503; x_wconf 89' lang='lat' dir='ltr'>celo</span> <span class='ocrx_word' id='word_1_73' title='bbox 436 2459 543 2517; x_wconf 87' lang='lat' dir='ltr'>sonus,</span> <span class='ocrx_word' id='word_1_74' title='bbox 566 2442 661 2522; x_wconf 86' lang='lat' dir='ltr'>atque</span> <span class='ocrx_word' id='word_1_75' title='bbox 683 2435 776 2502; x_wconf 86' lang='lat' dir='ltr'>Jesus</span> <span class='ocrx_word' id='word_1_76' title='bbox 799 2435 944 2502; x_wconf 83' lang='lat' dir='ltr'>Christus</span> <span class='ocrx_word' id='word_1_77' title='bbox 967 2433 1183 2512; x_wconf 66' lang='lat' dir='ltr'>descendebat,</span> 
     </span>
     <span class='ocr_line' id='line_1_15' title="bbox 280 2540 1045 2628; baseline -0.004 -21"><span class='ocrx_word' id='word_1_78' title='bbox 280 2541 416 2607; x_wconf 90' lang='lat' dir='ltr'>Domum</span> <span class='ocrx_word' id='word_1_79' title='bbox 440 2565 565 2628; x_wconf 90' lang='lat' dir='ltr'>quoque</span> <span class='ocrx_word' id='word_1_80' title='bbox 587 2565 642 2607; x_wconf 88' lang='lat' dir='ltr'>sue</span> <span class='ocrx_word' id='word_1_81' title='bbox 665 2543 776 2607; x_wconf 86' lang='lat' dir='ltr'>matris</span> <span class='ocrx_word' id='word_1_82' title='bbox 798 2540 1045 2626; x_wconf 79' lang='lat' dir='ltr'>ingrediebatur,</span> 
     </span>
     <span class='ocr_line' id='line_1_16' title="bbox 202 2643 1020 2734; baseline -0.004 -22"><span class='ocrx_word' id='word_1_83' title='bbox 202 2666 252 2704; x_wconf 70' lang='lat'>⁷³⁰⁵</span> <span class='ocrx_word' id='word_1_84' title='bbox 279 2648 476 2734; x_wconf 82' lang='lat' dir='ltr'>Angelorum</span> <span class='ocrx_word' id='word_1_85' title='bbox 499 2648 671 2713; x_wconf 91' lang='lat' dir='ltr'>multitudo</span> <span class='ocrx_word' id='word_1_86' title='bbox 692 2643 797 2732; x_wconf 78' lang='lat' dir='ltr'>ipsum</span> <span class='ocrx_word' id='word_1_87' title='bbox 820 2646 1020 2734; x_wconf 85' lang='lat' dir='ltr'>sequebatur.</span> 
     </span>
     <span class='ocr_line' id='line_1_17' title="bbox 279 2751 1034 2835; baseline -0.005 -17"><span class='ocrx_word' id='word_1_88' title='bbox 279 2751 382 2818; x_wconf 88' lang='lat' dir='ltr'>Odore</span> <span class='ocrx_word' id='word_1_89' title='bbox 404 2753 590 2818; x_wconf 84' lang='lat' dir='ltr'>suavissimo</span> <span class='ocrx_word' id='word_1_90' title='bbox 612 2757 688 2817; x_wconf 89' lang='lat' dir='ltr'>tune</span> <span class='ocrx_word' id='word_1_91' title='bbox 711 2753 821 2816; x_wconf 91' lang='lat' dir='ltr'>domus</span> <span class='ocrx_word' id='word_1_92' title='bbox 845 2751 1034 2835; x_wconf 77' lang='lat' dir='ltr'>replebatur,</span> 
     </span>
     <span class='ocr_line' id='line_1_18' title="bbox 280 2855 1172 2944; baseline -0.003 -21"><span class='ocrx_word' id='word_1_93' title='bbox 280 2857 452 2942; x_wconf 82' lang='lat' dir='ltr'>Splendore</span> <span class='ocrx_word' id='word_1_94' title='bbox 472 2879 588 2943; x_wconf 90' lang='lat' dir='ltr'>magno</span> <span class='ocrx_word' id='word_1_95' title='bbox 611 2857 744 2944; x_wconf 86' lang='lat' dir='ltr'>virginis</span> <span class='ocrx_word' id='word_1_96' title='bbox 767 2856 929 2940; x_wconf 89' lang='lat' dir='ltr'>lectusque</span> <span class='ocrx_word' id='word_1_97' title='bbox 951 2855 1172 2921; x_wconf 86' lang='lat' dir='ltr'>circumdatur.</span> 
     </span>
     <span class='ocr_line' id='line_1_19' title="bbox 249 2947 939 3040; baseline -0.003 -12"><span class='ocrx_word' id='word_1_98' title='bbox 249 2947 253 2954; x_wconf 49' lang='grc'>’</span> <span class='ocrx_word' id='word_1_99' title='bbox 279 2962 382 3028; x_wconf 87' lang='lat' dir='ltr'>Maria</span> <span class='ocrx_word' id='word_1_100' title='bbox 404 2985 495 3028; x_wconf 90' lang='lat' dir='ltr'>sunm</span> <span class='ocrx_word' id='word_1_101' title='bbox 518 2963 619 3027; x_wconf 90' lang='lat' dir='ltr'>filium</span> <span class='ocrx_word' id='word_1_102' title='bbox 644 2962 752 3027; x_wconf 84' lang='lat' dir='ltr'>videns</span> <span class='ocrx_word' id='word_1_103' title='bbox 775 2962 939 3040; x_wconf 81' lang='lat' dir='ltr'>exultavit,</span> 
     </span>
     <span class='ocr_line' id='line_1_20' title="bbox 280 3065 1050 3154; baseline -0.005 -20"><span class='ocrx_word' id='word_1_104' title='bbox 280 3069 416 3134; x_wconf 78' lang='lat' dir='ltr'>Etcum</span> <span class='ocrx_word' id='word_1_105' title='bbox 439 3089 556 3153; x_wconf 88' lang='lat' dir='ltr'>magno</span> <span class='ocrx_word' id='word_1_106' title='bbox 579 3067 696 3154; x_wconf 90' lang='lat' dir='ltr'>gaudio</span> <span class='ocrx_word' id='word_1_107' title='bbox 718 3067 823 3132; x_wconf 89' lang='lat' dir='ltr'>dicens</span> <span class='ocrx_word' id='word_1_108' title='bbox 846 3065 1050 3131; x_wconf 84' lang='lat' dir='ltr'>exclamavit:</span> 
     </span>
     <span class='ocr_line' id='line_1_21' title="bbox 207 3169 1073 3259; baseline 0.009 -31"><span class='ocrx_word' id='word_1_109' title='bbox 207 3193 257 3231; x_wconf 76' lang='lat' dir='ltr'>raro</span> <span class='ocrx_word' id='word_1_110' title='bbox 285 3173 348 3240; x_wconf 75' lang='lat' dir='ltr'>»Te</span> <span class='ocrx_word' id='word_1_111' title='bbox 371 3175 497 3240; x_wconf 90' lang='lat' dir='ltr'>domine</span> <span class='ocrx_word' id='word_1_112' title='bbox 518 3173 672 3259; x_wconf 83' lang='lat' dir='ltr'>glorifico,</span> <span class='ocrx_word' id='word_1_113' title='bbox 695 3177 727 3238; x_wconf 90' lang='lat' dir='ltr'>te</span> <span class='ocrx_word' id='word_1_114' title='bbox 749 3176 840 3256; x_wconf 89' lang='lat' dir='ltr'>pater</span> <span class='ocrx_word' id='word_1_115' title='bbox 861 3169 1020 3248; x_wconf 87' lang='lat' dir='ltr'>benedico,</span> <span class='ocrx_word' id='word_1_116' title='bbox 1069 3192 1073 3200; x_wconf 89' lang='lat'>·</span> 
     </span>
     <span class='ocr_line' id='line_1_22' title="bbox 282 3277 986 3360; baseline -0.004 -16"><span class='ocrx_word' id='word_1_117' title='bbox 282 3278 309 3344; x_wconf 94' lang='lat'>0</span> <span class='ocrx_word' id='word_1_118' title='bbox 331 3285 464 3360; x_wconf 89' lang='lat' dir='ltr'>creator,</span> <span class='ocrx_word' id='word_1_119' title='bbox 488 3283 520 3345; x_wconf 95' lang='lat' dir='ltr'>et</span> <span class='ocrx_word' id='word_1_120' title='bbox 541 3279 586 3344; x_wconf 93' lang='lat' dir='ltr'>mi</span> <span class='ocrx_word' id='word_1_121' title='bbox 608 3279 664 3358; x_wconf 85' lang='lat' dir='ltr'>fili,</span> <span class='ocrx_word' id='word_1_122' title='bbox 688 3278 795 3344; x_wconf 90' lang='lat' dir='ltr'>laudes</span> <span class='ocrx_word' id='word_1_123' title='bbox 817 3277 878 3342; x_wconf 86' lang='lat' dir='ltr'>tibi</span> <span class='ocrx_word' id='word_1_124' title='bbox 901 3277 986 3341; x_wconf 88' lang='lat' dir='ltr'>dieo!</span> 
     </span>
     <span class='ocr_line' id='line_1_23' title="bbox 280 3381 999 3467; baseline -0.004 -18"><span class='ocrx_word' id='word_1_125' title='bbox 280 3383 364 3449; x_wconf 86' lang='lat' dir='ltr'>Nam</span> <span class='ocrx_word' id='word_1_126' title='bbox 387 3407 406 3448; x_wconf 86' lang='lat' dir='ltr'>e</span> <span class='ocrx_word' id='word_1_127' title='bbox 429 3384 581 3450; x_wconf 89' lang='lat' dir='ltr'>desiderio</span> <span class='ocrx_word' id='word_1_128' title='bbox 604 3406 654 3448; x_wconf 92' lang='lat' dir='ltr'>me</span> <span class='ocrx_word' id='word_1_129' title='bbox 676 3405 745 3448; x_wconf 92' lang='lat' dir='ltr'>meo</span> <span class='ocrx_word' id='word_1_130' title='bbox 769 3404 833 3447; x_wconf 89' lang='lat' dir='ltr'>non</span> <span class='ocrx_word' id='word_1_131' title='bbox 857 3381 999 3467; x_wconf 85' lang='lat' dir='ltr'>privasti,</span> 
     </span>
     <span class='ocr_line' id='line_1_24' title="bbox 281 3483 1046 3574; baseline -0.004 -21"><span class='ocrx_word' id='word_1_132' title='bbox 281 3489 309 3553; x_wconf 84' lang='lat' dir='ltr'><strong>A</strong></span> <span class='ocrx_word' id='word_1_133' title='bbox 331 3495 363 3554; x_wconf 86' lang='lat' dir='ltr'>te</span> <span class='ocrx_word' id='word_1_134' title='bbox 385 3493 499 3553; x_wconf 81' lang='lat' dir='ltr'>cuncte</span> <span class='ocrx_word' id='word_1_135' title='bbox 520 3511 581 3574; x_wconf 92' lang='lat' dir='ltr'>qne</span> <span class='ocrx_word' id='word_1_136' title='bbox 602 3488 700 3573; x_wconf 79' lang='lat' dir='ltr'>petivi</span> <span class='ocrx_word' id='word_1_137' title='bbox 724 3483 802 3552; x_wconf 83' lang='lat' dir='ltr'>mihi</span> <span class='ocrx_word' id='word_1_138' title='bbox 825 3509 889 3552; x_wconf 90' lang='lat' dir='ltr'>non</span> <span class='ocrx_word' id='word_1_139' title='bbox 912 3486 1046 3570; x_wconf 86' lang='lat' dir='ltr'>negasti.</span> 
     </span>
     <span class='ocr_line' id='line_1_25' title="bbox 280 3590 1094 3679; baseline -0.009 -18"><span class='ocrx_word' id='word_1_140' title='bbox 280 3593 340 3661; x_wconf 85' lang='lat' dir='ltr'>Sed</span> <span class='ocrx_word' id='word_1_141' title='bbox 363 3595 509 3660; x_wconf 83' lang='lat' dir='ltr'>universa</span> <span class='ocrx_word' id='word_1_142' title='bbox 532 3617 592 3679; x_wconf 90' lang='lat' dir='ltr'>que</span> <span class='ocrx_word' id='word_1_143' title='bbox 615 3599 652 3660; x_wconf 91' lang='lat' dir='ltr'>tu</span> <span class='ocrx_word' id='word_1_144' title='bbox 674 3593 753 3658; x_wconf 87' lang='lat' dir='ltr'>mihi</span> <span class='ocrx_word' id='word_1_145' title='bbox 775 3593 888 3658; x_wconf 87' lang='lat' dir='ltr'>dilecte</span> <span class='ocrx_word' id='word_1_146' title='bbox 909 3590 1094 3676; x_wconf 86' lang='lat' dir='ltr'>promisisti,</span> 
     </span>
     <span class='ocr_line' id='line_1_26' title="bbox 206 3696 1013 3782; baseline -0.011 -17"><span class='ocrx_word' id='word_1_147' title='bbox 206 3719 256 3756; x_wconf 74' lang='lat' dir='ltr'>ms</span> <span class='ocrx_word' id='word_1_148' title='bbox 281 3699 341 3765; x_wconf 90' lang='lat' dir='ltr'>Illa</span> <span class='ocrx_word' id='word_1_149' title='bbox 363 3704 399 3764; x_wconf 86' lang='lat' dir='ltr'>tu</span> <span class='ocrx_word' id='word_1_150' title='bbox 422 3699 557 3765; x_wconf 88' lang='lat' dir='ltr'>fideliter</span> <span class='ocrx_word' id='word_1_151' title='bbox 579 3700 623 3764; x_wconf 89' lang='lat' dir='ltr'>mi</span> <span class='ocrx_word' id='word_1_152' title='bbox 646 3699 781 3764; x_wconf 86' lang='lat' dir='ltr'>clemens</span> <span class='ocrx_word' id='word_1_153' title='bbox 803 3696 1013 3782; x_wconf 70' lang='lat' dir='ltr'>implevistile</span> 
     </span>
    </p>
   </div>
   <div class='ocr_carea' id='block_1_7' title="bbox 125 3997 1265 4196">
    <p class='ocr_par' dir='ltr' id='par_1_9' title="bbox 125 3997 1265 4196">
     <span class='ocr_line' id='line_1_27' title="bbox 125 3997 1265 4092; baseline -0.001 -23"><span class='ocrx_word' id='word_1_154' title='bbox 125 3997 230 4084; x_wconf 87' lang='lat' dir='ltr'>Quod</span> <span class='ocrx_word' id='word_1_155' title='bbox 251 4001 359 4075; x_wconf 87' lang='lat' dir='ltr'>Jesus</span> <span class='ocrx_word' id='word_1_156' title='bbox 380 4002 558 4074; x_wconf 82' lang='lat' dir='ltr'>invitavit</span> <span class='ocrx_word' id='word_1_157' title='bbox 575 4005 738 4074; x_wconf 78' lang='lat' dir='ltr'>matrem</span> <span class='ocrx_word' id='word_1_158' title='bbox 765 4023 871 4073; x_wconf 86' lang='lat' dir='ltr'>suam</span> <span class='ocrx_word' id='word_1_159' title='bbox 893 4003 932 4072; x_wconf 90' lang='lat' dir='ltr'>et</span> <span class='ocrx_word' id='word_1_160' title='bbox 957 3999 1159 4092; x_wconf 85' lang='lat' dir='ltr'>assumpsit</span> <span class='ocrx_word' id='word_1_161' title='bbox 1184 4019 1265 4070; x_wconf 85' lang='lat' dir='ltr'>eam</span> 
     </span>
     <span class='ocr_line' id='line_1_28' title="bbox 592 4123 790 4196; baseline 0.005 -1"><span class='ocrx_word' id='word_1_162' title='bbox 592 4125 632 4196; x_wconf 89' lang='lat' dir='ltr'>in</span> <span class='ocrx_word' id='word_1_163' title='bbox 660 4123 790 4196; x_wconf 90' lang='lat' dir='ltr'>celum.</span> 
     </span>
    </p>
   </div>
   <div class='ocr_carea' id='block_1_8' title="bbox 279 4330 1092 4523">
    <p class='ocr_par' dir='ltr' id='par_1_10' title="bbox 279 4330 1092 4523">
     <span class='ocr_line' id='line_1_29' title="bbox 279 4330 961 4412; baseline 0.001 -15"><span class='ocrx_word' id='word_1_164' title='bbox 279 4331 371 4398; x_wconf 88' lang='lat' dir='ltr'>Jesus</span> <span class='ocrx_word' id='word_1_165' title='bbox 394 4335 440 4398; x_wconf 87' lang='lat' dir='ltr'>eit</span> <span class='ocrx_word' id='word_1_166' title='bbox 461 4334 555 4399; x_wconf 86' lang='lat' dir='ltr'>matri</span> <span class='ocrx_word' id='word_1_167' title='bbox 578 4355 651 4399; x_wconf 86' lang='lat' dir='ltr'>sue:</span> <span class='ocrx_word' id='word_1_168' title='bbox 676 4330 823 4412; x_wconf 70' lang='lat' dir='ltr'>alienius,</span> <span class='ocrx_word' id='word_1_169' title='bbox 846 4331 961 4398; x_wconf 85' lang='lat' dir='ltr'>dilecta</span> 
     </span>
     <span class='ocr_line' id='line_1_30' title="bbox 279 4435 1092 4523; baseline 0 -21"><span class='ocrx_word' id='word_1_170' title='bbox 279 4435 390 4502; x_wconf 80' lang='lat' dir='ltr'>Amice</span> <span class='ocrx_word' id='word_1_171' title='bbox 412 4457 490 4517; x_wconf 85' lang='lat' dir='ltr'>mea,</span> <span class='ocrx_word' id='word_1_172' title='bbox 514 4461 602 4504; x_wconf 88' lang='lat' dir='ltr'>soror</span> <span class='ocrx_word' id='word_1_173' title='bbox 624 4460 704 4516; x_wconf 89' lang='lat' dir='ltr'>mea,</span> <span class='ocrx_word' id='word_1_174' title='bbox 727 4459 783 4523; x_wconf 89' lang='lat' dir='ltr'>pre</span> <span class='ocrx_word' id='word_1_175' title='bbox 805 4437 952 4502; x_wconf 90' lang='lat' dir='ltr'>omnibus</span> <span class='ocrx_word' id='word_1_176' title='bbox 975 4438 1092 4503; x_wconf 90' lang='lat' dir='ltr'>electa!</span> 
     </span>
    </p>
   </div>
   <div class='ocr_carea' id='block_1_9' title="bbox 0 0 1522 4922">
    <p class='ocr_par' dir='ltr' id='par_1_11' title="bbox 0 0 1522 4922">
     <span class='ocr_line' id='line_1_31' title="bbox 0 0 1522 4922; baseline 0 0"><span class='ocrx_word' id='word_1_177' title='bbox 0 0 1522 4922; x_wconf 95' lang='lat' dir='ltr'> </span> 
     </span>
    </p>
   </div>
  </div>
 </body>
</html>
