3014 4926
786 310 850 380 1³4

396 486 573 574 Discipulis
592 497 628 554 se
646 487 750 573 primo
772 486 866 554 Joeus
886 487 948 554 hoc
968 489 1063 574 signo
1083 487 1303 554 marsilettavit

394 590 504 680 Atque
523 599 614 660 suurn
635 592 772 680 gloriam
794 592 912 659 mundo
934 593 1122 678 propalavit.

377 909 430 984 De
456 908 711 1006 predicatione
737 909 829 983 Jeeu
857 911 895 982 et
924 909 1114 984 miraculis
1141 911 1232 985 eius.

394 1117 471 1182 Post
493 1118 613 1182 factmu
635 1119 696 1182 hoc
717 1116 915 1202 capernaum
936 1117 1031 1183 Jesus
1052 1117 1200 1184 introivit

394 1223 439 1288 Et
461 1221 564 1288 Maria
586 1227 688 1288 mater
710 1245 767 1288 sua
788 1245 893 1289 secum
914 1223 991 1288 illuc
1012 1222 1080 1288 ivit.

316 1345 368 1384 ssu
393 1325 564 1412 Ipsumque
586 1327 732 1411 discipuli
754 1327 803 1392 sui
825 1328 1048 1413 sequebantur,

393 1431 508 1518 Illique
530 1433 676 1497 similiter
699 1433 754 1517 qui
776 1431 889 1497 fratres
912 1433 1098 1498 dicebantur
1149 1511 1153 1516 Ι

394 1534 472 1602 Eius
496 1559 567 1602 eum
590 1538 686 1601 etiam
707 1535 1011 1615 commitebantur,

397 1639 448 1706 Ibi
470 1664 545 1707 vero
567 1663 682 1726 paucos
705 1643 770 1706 dies
793 1641 888 1706 simul
910 1643 1127 1707 morabantur.

393 1743 478 1810 Nam
500 1745 593 1812 Jesus
615 1751 688 1830 post
708 1746 769 1811 boc
791 1765 935 1832 egressus
957 1747 991 1812 in
1013 1769 1137 1812 omnem
1161 1749 1324 1834 regionem

317 1869 369 1907 esen
396 1848 575 1916 Predicerit
596 1851 646 1916 dei
668 1869 800 1938 regnum
822 1853 855 1916 in
879 1852 1095 1918 remissionem

394 1955 477 2021 Vere
499 1955 714 2040 penitentibus
736 1971 865 2021 suorum
888 1959 1087 2040 peccatorum

393 2059 437 2124 Et
459 2060 604 2126 contritis
626 2060 752 2125 reniam
773 2059 949 2125 facinorum
971 2081 1111 2141 suornm,

392 2166 524 2233 Faciens
545 2167 716 2254 magnalis,
740 2167 875 2232 virtutes
897 2170 992 2251 elque
1014 2167 1117 2254 signu,

392 2271 436 2336 Et
458 2272 597 2357 plurime
617 2271 770 2336 mirecule
792 2270 945 2336 relatione
966 2271 1082 2356 digne3

313 2395 366 2435 θεοῦ
391 2374 476 2444 Nem
498 2395 606 2442 omnes
629 2375 822 2462 egritudines
845 2376 969 2440 curarit
990 2380 1023 2440 et
1044 2376 1179 2456 dolores,

391 2479 597 2546 Infirmitatee
620 2480 735 2560 varios,
757 2480 884 2545 morbos
907 2483 939 2544 et
961 2481 1141 2566 languores,

391 2584 599 2670 Leprosorum
621 2585 791 2670 plurimum
813 2584 942 2650 turbam
964 2583 1017 2649 hio
1037 2586 1170 2665 curarit,

390 2690 551 2776 Lepreque
573 2690 772 2776 putredinem
794 2688 835 2754 eb
856 2688 934 2771 ipsis
957 2689 1141 2756 emundavit

390 2794 538 2862 Infinitos
559 2797 655 2863 etiem
678 2800 754 2860 tunc
776 2793 971 2860 illuminarit

313 2919 363 2958 ³⁸⁴⁶
390 2899 486 2966 Geeos
508 2905 541 2966 et
561 2900 613 2966 hie
635 2899 797 2966 oculorum
819 2899 926 2964 lumen
949 2900 1118 2984 repararit

388 3003 547 3072 Reseratis
568 3006 698 3072 auribus
720 3003 856 3070 reddidit
877 3003 1031 3082 auditum,

390 3105 500 3174 Surdis
522 3109 600 3194 ipsis
623 3109 741 3174 donum
766 3106 849 3172 vocis
871 3105 1040 3172 infundens
1063 3109 1256 3193 expeditum,

392 3211 492 3278 Usum
511 3214 622 3300 lingue
644 3213 790 3298 plurimis
813 3210 1001 3276 restituebat
1024 3213 1131 3293 mutis,

389 3317 434 3383 Et
456 3319 614 3403 loquelam
637 3317 793 3402 perditam
816 3337 872 3400 per
893 3314 1033 3404 gretiam
1055 3317 1179 3398 salutis,

312 3439 365 3477 ⁸⁸⁶0
392 3419 604 3506 Greseumque
625 3420 766 3486 restituit
786 3417 906 3484 claudis
931 3423 963 3483 et
984 3420 1163 3501 contructis,

388 3523 564 3591 incurvatis
588 3526 758 3592 sanitatem
781 3523 913 3588 reddens
936 3527 969 3588 et
990 3527 1162 3592 contructis

388 3628 419 3693 A
442 3629 584 3696 febribus
607 3629 765 3696 continuis
788 3633 819 3694 et
842 3627 1053 3712 interpolatis,

390 3732 553 3800 Liberavit
574 3735 728 3820 plurimos
748 3732 871 3798 medela
893 3733 1060 3812 sanitatin

390 3835 509 3904 Multos
533 3838 724 3922 paralyticos
747 3840 780 3902 et
800 3835 905 3902 aridos
927 3837 1060 3918 curavit,

310 3953 363 3994 ³⁸⁶⁶
389 3937 519 4005 Menoos
541 3947 636 4026 etque
658 3941 775 4006 debiles
798 3945 830 4006 et
852 3941 1012 4007 morbidos
1034 3945 1170 4010 sanarit.

386 4042 447 4120 Qui
470 4046 609 4127 percussi
630 4045 757 4110 fuerant
780 4045 820 4110 ab
843 4045 1019 4129 apoplexia,

386 4149 517 4214 Necnon
541 4149 574 4212 hi
598 4149 653 4232 qui
676 4149 873 4213 vexabantur
895 4149 936 4213 eb
959 4149 1129 4234 epilepsim

388 4255 497 4320 Etiam
519 4253 687 4318 mdueeum
710 4254 855 4318 morbum
878 4255 933 4336 qui
956 4256 1162 4337 patiebantur

385 4358 416 4424 Α
438 4359 515 4426 Jesu
538 4357 587 4424 dei
610 4357 677 4426 filio
699 4357 804 4424 cuncti
826 4357 1028 4428 curabantur.
