3080 4938
710 365 749 432 61

154 543 187 604 εὴ
216 540 251 604 in
275 539 338 604 alia
361 540 429 604 loca
458 545 533 606 sunt
555 542 672 626 positi,
705 545 860 626 utsupra
883 541 1004 606 dictum
1027 545 1093 620 est,
1128 541 1305 626 dequibus

154 645 252 708 etiarn
276 645 370 709 multi
391 646 425 709 in
448 647 594 712 civitates
621 651 697 712 sunt
727 645 833 711 locati.
864 650 896 711 et
927 645 974 710 illi
1013 646 1133 712 nobiles
1156 647 1306 711 dicuntur

154 771 299 834 proceres
323 755 355 816 et
378 751 531 817 militares
554 755 586 817 et
608 752 668 816 sub
692 751 870 816 illustribus
893 756 926 816 et
948 751 1121 816 baronibus
1144 751 1304 818 constitu-

155 859 263 920 untur.
287 860 320 921 et
349 856 384 920 hi
409 857 618 922 communiter
639 857 673 922 in
696 857 809 946 castris
828 856 995 936 habitant,
1029 857 1061 921 in
1086 858 1248 922 montibus
1272 879 1306 922 se

154 965 188 1025 et
210 981 284 1025 suos
307 965 443 1040 tuentes,
466 966 570 1027 castra
593 985 718 1048 quoque
741 963 781 1027 ab
805 962 882 1046 ipsis
906 963 1035 1027 nomine
1057 962 1246 1040 sortiuntur,
1276 965 1308 1027 et

154 1067 385 1131 torneamentis
407 1065 533 1132 ludunt.
580 1068 721 1134 Minores
745 1089 819 1134 vero
843 1066 965 1133 nobiles
988 1073 1021 1134 et
1042 1067 1208 1132 inferiores
1231 1073 1307 1131 sunt

155 1171 322 1236 civitatum
346 1176 508 1237 senatores
531 1177 563 1237 et
586 1174 721 1239 maiores
744 1179 839 1254 natu,
872 1174 987 1240 famosi
1010 1174 1093 1238 cives
1115 1174 1149 1237 in
1173 1172 1307 1236 urbibus

154 1277 286 1342 famosis
310 1276 501 1358 habitantes,
524 1284 602 1363 puta
614 1279 819 1358 constantiae,
836 1280 988 1365 Thuregi,
1012 1277 1127 1358 Ulmus,
1147 1279 1307 1362 'Augustae

155 1386 234 1460 eure
259 1383 315 1468 qui
338 1388 375 1448 ut
396 1384 514 1448 dictum
539 1388 587 1448 est
609 1385 737 1470 proprie
759 1384 882 1450 nobiles
905 1385 966 1448 dici
982 1387 1116 1468 possunt
1140 1383 1191 1466 (ut
1211 1381 1307 1447 etiam

156 1489 277 1574 legitur
300 1493 332 1555 et
363 1493 495 1554 notatur
516 1490 550 1554 in
573 1512 599 1555 c.
624 1491 720 1556 series
751 1491 790 1555 de
821 1489 956 1554 testibus
980 1493 1063 1562 etc).
1108 1486 1177 1553 Nec
1200 1492 1308 1552 temen

155 1595 227 1659 dico
258 1595 342 1679 quod
365 1617 473 1661 omnes
496 1597 579 1661 cives
611 1596 698 1661 illius
721 1595 810 1660 tertii
842 1595 962 1686 ordinis
992 1594 1058 1660 sint
1079 1594 1218 1672 nobiles,
1251 1615 1309 1658 nec

155 1699 274 1784 aliquis
289 1721 396 1764 eorum
421 1700 570 1766 dicendus
594 1707 642 1766 est
658 1699 819 1786 ignobilis,
840 1723 911 1764 cum
927 1699 982 1764 ille
1004 1703 1131 1764 tantum
1154 1701 1197 1764 sit
1214 1699 1308 1784 igno·

153 1804 230 1868 bilis
263 1805 318 1889 qui
340 1809 389 1869 est
419 1805 548 1891 ignotus
581 1809 613 1870 et
643 1804 715 1869 vilis
747 1809 779 1869 et
810 1804 937 1868 obscuri
957 1805 1107 1890 generis,
1140 1805 1229 1869 cuius
1252 1825 1309 1868 nec

154 1929 271 1974 nomen
295 1909 422 1994 quidem
444 1911 554 1990 scitur,
577 1915 614 1975 ut
636 1910 713 1975 dicit
727 1909 867 1975 Isidorus
893 1911 933 1976 10
956 1911 1149 1997 etymolog.;
1173 1931 1308 1996 quorum

156 2014 266 2079 nullus
290 2020 338 2080 est
360 2016 394 2080 in
411 2021 480 2080 toto
503 2017 631 2102 agmine
653 2016 741 2081 tertii
757 2015 886 2094 ordinis,
909 2015 985 2100 quia
1008 2037 1115 2081 omnes
1139 2019 1215 2079 sunt
1230 2013 1308 2079 clari

158 2121 296 2204 originis
319 2125 352 2186 et
374 2121 481 2186 nullus
505 2127 553 2186 est
575 2121 659 2187 iuter
682 2144 734 2186 eos
757 2121 919 2208 ignobilis,
943 2121 1089 2207 quamvis
1113 2143 1220 2186 omnes
1244 2143 1307 2186 non

156 2225 225 2292 sint
248 2227 370 2292 nobiles
385 2228 406 2292 ¹.

247 2331 329 2396 Sunt
351 2354 427 2418 ergo
451 2355 505 2398 sex
529 2333 715 2398 differentiae
730 2332 886 2397 nobilium
901 2332 1028 2397 civium.
1074 2331 1210 2408 Quidam
1225 2333 1309 2395 enim
1332 2375 1336 2384 ·

157 2441 245 2516 sunt,
261 2461 325 2503 non
338 2439 530 2518 dubitamus,
546 2439 580 2504 in
597 2438 791 2517 civitatibus,
807 2459 940 2522 quorum
955 2441 1166 2502 antecessores
1182 2437 1310 2500 suerunt

157 2543 210 2608 vel
234 2543 364 2608 Troiani
387 2549 444 2609 aut
466 2543 603 2608 Romani
627 2547 682 2608 aut
706 2543 973 2628 Carthaginenses
997 2543 1034 2608 de
1058 2542 1310 2626 praeclarissimis

157 2648 342 2729 nobilibus,
365 2649 456 2715 eiecti
479 2653 587 2716 autem
610 2673 628 2715 a
651 2650 717 2715 suis
740 2649 866 2714 sedibus
888 2671 952 2716 non
975 2669 1084 2718 omnes
1107 2653 1212 2713 castra
1234 2649 1310 2713 aedi-

155 2755 254 2820 ficare
276 2759 443 2840 poterant,
467 2757 521 2822 sed
544 2755 638 2820 multi
661 2777 771 2820 eorum
793 2755 938 2820 civitates
962 2755 1114 2820 adeuntes
1138 2754 1226 2819 civili
1243 2755 1311 2818 vita

157 2861 302 2924 contenti
325 2883 381 2944 per
402 2882 580 2926 successum
602 2861 686 2927 inter
709 2863 792 2926 cives
820 2866 852 2926 et
874 2861 1011 2925 minores
1035 2859 1157 2925 nobiles
1180 2883 1311 2944 compu-

157 2965 220 3030 tati
252 2971 345 3046 sunt,
378 2967 426 3032 vel
449 2969 482 3032 in
505 2968 598 3032 initio
629 2967 769 3033 civitatis
792 2967 823 3031 in
849 2967 953 3032 locum
981 2967 1199 3030 construendae
1222 2963 1311 3028 urbis

157 3070 272 3148 locati,
296 3072 371 3156 quia
394 3095 516 3156 semper
539 3095 604 3136 una
627 3095 700 3156 pars
723 3072 862 3136 civitatis
886 3075 977 3136 coetu
1000 3071 1157 3136 nobilium
1180 3071 1309 3135 decora·

157 3175 255 3239 batur
277 3177 448 3242 secundum
466 3176 650 3242 Aristotelis
673 3179 851 3243 doctrinam
874 3177 895 3241 4
917 3176 1008 3261 polit.
1054 3175 1121 3240 Nec
1137 3176 1312 3260 reputaba-

158 3285 214 3346 tur
236 3281 349 3346 civitas
372 3283 458 3348 locus
482 3281 604 3348 ambitu
627 3303 792 3347 murorum
814 3282 975 3360 munitus,
1008 3282 1061 3346 sed
1085 3281 1195 3346 ordine
1218 3279 1311 3345 habi·

157 3385 300 3452 tantium
322 3387 456 3453 discreto
480 3393 628 3467 ornatus,
658 3387 741 3452 sicut
762 3385 859 3474 Hugo
883 3387 920 3452 de
943 3385 1060 3452 Sancto
1082 3386 1212 3452 Victore
1235 3386 1312 3450 dicit

159 3493 324 3558 civitatem
346 3493 524 3559 Jerusalem
547 3493 645 3558 fuisse
660 3493 842 3558 distinctam
867 3493 900 3557 in
924 3497 988 3558 tres
1012 3497 1129 3577 partes,
1153 3492 1186 3556 in
1209 3491 1313 3576 prima

158 3596 353 3664 habitabant
368 3621 422 3664 rex
446 3605 478 3664 et
494 3597 681 3678 sacerdotes,
705 3598 739 3660 in
755 3597 892 3662 secunda
913 3598 996 3662 cives
1012 3595 1145 3677 nobiles,
1167 3596 1200 3660 in
1216 3596 1313 3662 tertia

38 3751 60 3776 2
160 3703 278 3789 vulgus
301 3709 333 3768 et
355 3705 479 3788 plebeii.
526 3701 586 3768 Sed
610 3703 685 3786 quia
707 3724 779 3767 curn
803 3707 945 3787 tempore
961 3702 1069 3767 omnia
1091 3706 1259 3768 transeunt
1281 3707 1313 3766 et

160 3813 371 3888 veterascunt,
394 3808 544 3874 transivit
567 3808 663 3874 etiam
687 3809 839 3874 memoria
854 3809 939 3873 illius
962 3807 1096 3894 originis
1119 3829 1192 3872 cum
1215 3808 1311 3892 longo

731 3931 747 3968 ιιι

234 4009 247 4061 l
269 4007 341 4063 Mon.
360 4009 385 4062 2.
405 4007 504 4064 senaa.
524 4008 645 4064 Schmid.
665 4027 691 4063 u.
710 4008 797 4062 Wibl.
816 4007 945 4063 schieben
964 4007 1025 4062 ein:
1055 4007 1133 4062 Sicut
1157 4004 1231 4062 enim
1256 4021 1312 4060 non

159 4093 300 4164 sequitur:
317 4096 369 4150 ille
387 4113 444 4152 non
462 4098 504 4151 est
523 4097 619 4157 albus,
648 4112 715 4164 ergo
738 4098 783 4150 est
807 4094 902 4162 niger,
921 4093 988 4163 quia
1007 4095 1176 4162 potestesse
1196 4093 1312 4148 alterius

160 4183 269 4248 coloris,
288 4183 327 4238 sic
344 4203 400 4241 non
418 4183 557 4254 sequitur:
582 4184 632 4239 illa
650 4201 705 4239 non
724 4186 767 4238 est
785 4183 902 4246 nobilis,
930 4199 997 4250 ergo
1016 4184 1058 4236 est
1077 4181 1224 4251 ignobilis,
1249 4196 1312 4233 cum

160 4272 218 4327 sint
237 4271 341 4342 gradm
360 4271 453 4328 medii.
490 4259 611 4326 innuen
629 4271 722 4334 Woll,
741 4287 795 4324 nur
812 4269 864 4323 hat
882 4285 919 4324 ar.
931 4267 1004 4323 sicut
1021 4267 1095 4324 enim
1115 4285 1171 4324 non
1190 4281 1313 4336 semper:

161 4361 236 4416 statt
252 4377 309 4416 non
323 4361 462 4430 sequitur:
482 4403 488 4418 .
508 4401 516 4417 .
537 4401 551 4426 .,
573 4359 643 4416 alles
657 4358 756 4429 bbrige
767 4357 877 4423 eberiso,
890 4373 944 4412 nur
956 4355 1078 4412 nachher
1092 4355 1194 4411 wieder
1206 4370 1314 4424 semper

161 4451 235 4505 statt
254 4449 389 4520 sequitur.
