3072 4936
781 321 842 388 160

234 500 267 563 et
288 497 435 562 funditus
457 501 605 562 evertere.
651 495 783 563 Veritus
807 501 912 562 autem
936 497 1000 561 dux
1024 496 1171 562 Saxoniae
1192 497 1278 582 regis
1301 496 1385 562 Gon·

235 604 303 668 radi
326 603 514 687 potentiam,
537 625 610 669 cum
631 625 729 668 uxore
752 624 816 683 sua,
841 604 969 668 domina
990 603 1105 682 Lucia,
1134 602 1172 668 de
1194 625 1259 687 qua
1281 625 1385 670 arcem

234 707 368 788 habuit,
392 709 529 774 contulit
552 708 589 774 de
611 709 767 792 imparato
790 707 895 774 facto:
926 715 959 774 et
980 730 1067 787 ecce,
1097 707 1229 792 spiritus
1253 708 1384 774 Domini

237 813 390 878 instinctu
406 813 552 878 deificum
576 817 609 879 et
631 812 758 879 salubre
773 815 963 880 invenerunt
987 814 1169 893 remedium,
1194 817 1232 878 ut
1254 813 1385 879 arzilla

235 941 292 984 nec
308 917 418 984 Suavis
441 941 498 984 nec
514 917 693 986 Saxonibus
708 921 844 986 munitio
868 921 909 986 ad
923 920 1036 1006 patrias
1057 923 1090 985 et
1104 919 1246 1005 regionis
1269 921 1383 986 turba·

134 1023 223 1102 12,le
233 1025 352 1090 tionem
375 1030 477 1102 esset;
510 1029 542 1090 et
571 1026 622 1090 cui
645 1025 808 1091 conradus
830 1049 886 1091 rex
914 1028 1011 1091 etiam
1033 1049 1098 1091 non
1127 1030 1235 1110 posset
1256 1031 1385 1091 contra·
1506 1073 1507 1078 η

233 1130 346 1195 dicere.
394 1128 486 1196 Unde
519 1131 557 1194 de
587 1152 741 1196 consensu
771 1131 906 1197 dominae
927 1131 1032 1196 Lucia
1061 1136 1093 1196 et
1121 1130 1237 1196 ducum
1260 1129 1385 1196 Suesia

233 1257 317 1300 auno
340 1236 460 1300 domini
486 1237 568 1302 1142
592 1235 755 1301 conradus
778 1237 841 1301 dux
865 1235 1010 1302 Saxoniae
1040 1258 1113 1300 cum
1135 1237 1266 1301 domina
1288 1236 1387 1302 Lucia

234 1364 332 1406 uxore
363 1364 420 1405 sua
450 1340 574 1406 ducissa
596 1339 735 1420 Sueviae,
767 1365 875 1407 sorore
897 1340 1034 1407 Conradi
1067 1343 1151 1427 regis
1175 1347 1208 1407 et
1230 1342 1385 1407 Frideriui

233 1447 329 1532 primi
363 1445 458 1511 huius
490 1447 645 1525 nominis,
675 1451 785 1531 postea
807 1448 1024 1532 imperatorie,
1056 1447 1259 1513 devotissime
1281 1471 1387 1513 arcem

234 1551 413 1637 Eichingen
446 1574 518 1617 cum
540 1551 688 1617 omnibus
716 1552 894 1617 attinentiis
917 1552 1103 1618 obtulerunt
1127 1551 1195 1618 Deo
1226 1557 1259 1618 et
1281 1554 1387 1620 beatae

234 1656 346 1722 Mariae
377 1656 495 1741 virgini
527 1661 560 1722 et
589 1657 707 1722 sanctis
737 1657 889 1742 apostolis
912 1657 1007 1723 Petro
1041 1661 1074 1723 et
1096 1657 1212 1738 Paulo,
1245 1663 1278 1723 et
1312 1659 1386 1724 divo

235 1762 405 1827 Benedicto
436 1768 467 1828 et
504 1763 632 1847 praesuli
664 1763 746 1828 sedis
778 1763 959 1848 apostolicae
989 1763 1085 1829 Lucio
1120 1763 1215 1828 huius
1246 1764 1387 1830 nominis

233 1889 324 1954 pupae
346 1868 498 1946 secundo,
531 1868 713 1933 abdicantes
744 1870 852 1934 omnia
882 1869 952 1934 iura
974 1893 1031 1935 sua
1055 1870 1088 1933 iu
1114 1873 1320 1954 perpetuum,
1354 1875 1387 1935 et

234 1974 332 2038 huius
347 1972 528 2038 donationis
543 1971 677 2038 seriem¹
700 1973 851 2059 sigillatis
866 1974 982 2038 litteris
999 1974 1039 2039 ad
1054 1975 1246 2039 sanctissimi
1263 1975 1386 2039 domini

233 2100 323 2164 papa
354 2077 447 2162 pedes
477 2100 533 2161 per
566 2079 710 2144 solennes
740 2080 871 2144 nuncios
905 2080 1123 2164 proiecerunt,
1156 2081 1212 2165 qui
1239 2080 1387 2146 oratione

234 2187 348 2249 ornate
369 2182 454 2246 facta
477 2183 511 2246 in
534 2183 721 2248 consistorio
745 2181 856 2249 Romae
878 2205 985 2249 coram
1007 2207 1090 2268 papa
1113 2188 1145 2250 et
1168 2184 1385 2250 cardinalibus

234 2289 272 2354 de
295 2292 383 2353 turre
413 2286 470 2352 illa
493 2287 708 2352 disseruerunt
739 2311 795 2372 per
824 2289 974 2374 longum,
1004 2291 1161 2374 quomodo
1184 2289 1225 2354 ab
1248 2293 1384 2376 antiquo

234 2394 394 2478 refugium
424 2391 524 2458 fuerit
546 2395 782 2478 desperatorum
811 2395 975 2460 homiuum
1005 2399 1037 2460 et
1058 2396 1145 2480 pacis
1168 2395 1384 2476 turbatorum,

233 2505 266 2564 et
297 2500 380 2585 quod
404 2503 509 2564 stante
532 2521 569 2564 ea
591 2497 650 2564 sub
681 2499 870 2565 secularium
893 2505 1068 2586 potestate,
1097 2523 1161 2565 non
1187 2503 1292 2584 posset
1315 2501 1384 2566 dari

234 2605 357 2692 regioni
380 2605 532 2670 securitas
554 2609 586 2670 ct
608 2627 689 2691 pax,
717 2628 775 2671 nec
797 2605 943 2690 expediat
964 2610 1031 2670 tam
1055 2607 1219 2692 egregium
1242 2611 1384 2672 montem

233 2733 290 2794 per
321 2711 402 2774 arcis
431 2709 667 2777 subversionem
700 2712 768 2776 sine
797 2709 997 2776 habitatione
1014 2707 1130 2790 stare,
1162 2717 1194 2775 et
1224 2711 1384 2795 quomodo

234 2837 388 2882 consensu
404 2815 583 2899 principum
605 2814 675 2880 ideo
693 2815 819 2882 oblatus
842 2816 884 2882 sit
898 2839 989 2882 mons
1011 2817 1067 2881 ille
1081 2839 1154 2882 eum
1169 2821 1257 2881 turre
1275 2817 1384 2902 Baby-

234 2921 316 2986 lonis
340 2920 407 2986 Deo
430 2925 462 2985 et
485 2943 542 2985 suo
565 2921 599 2984 in
623 2920 717 2985 terris
746 2921 864 2986 vicario
886 2944 995 3006 papae,
1025 2925 1182 3006 quatenus
1209 2925 1299 2985 turre
1327 2920 1386 2985 illa

233 3027 402 3092 mundanae
440 3025 634 3090 confusionis
664 3029 787 3090 semota
816 3029 848 3091 et
882 3026 1083 3111 praedonibus
1113 3026 1220 3091 eiectis
1253 3025 1386 3092 titulum

233 3154 330 3196 sacra
348 3130 526 3214 ⁴religionis
558 3129 604 3194 ibi
634 3130 754 3215 erigat,
786 3136 819 3196 et
849 3130 1021 3196 monachos
1044 3134 1184 3196 armatos
1214 3129 1384 3216 disciplina

233 3237 375 3322 regulari
398 3237 432 3300 in
455 3237 560 3302 locum
581 3240 697 3320 ponat,
727 3236 783 3320 qui
805 3236 968 3300 turbatam
992 3257 1101 3321 paoem
1122 3237 1157 3300 in
1180 3235 1312 3321 regione
1335 3259 1385 3300 re-

234 3344 383 3419 forment,
407 3347 440 3408 et
461 3341 583 3406 cunctis
606 3341 640 3404 iu
663 3339 910 3405 consolationem
932 3339 1131 3424 spiritualem
1153 3341 1244 3420 fiant,
1268 3344 1306 3405 ut
1328 3340 1384 3406 ubi

234 3448 410 3514 abundavit
421 3447 581 3526 delictum,
598 3445 832 3530 superabundet
842 3445 957 3531 gratia,
971 3451 1003 3510 et
1014 3446 1098 3512 unde
1110 3468 1196 3511 mors
1209 3446 1382 3524 oriebatur,

234 3554 307 3619 inde
332 3554 397 3618 vita
413 3555 600 3637 resurgeret.
647 3549 725 3616 Haec
749 3554 785 3614 ut
804 3573 889 3634 papa
912 3573 984 3615 cum
999 3551 1147 3616 omnibus
1170 3550 1383 3616 assidentibus

234 3657 372 3736 audivit,
403 3658 662 3722 theutonicorum
692 3657 870 3741 principum
892 3657 1065 3742 plurimum
1089 3656 1265 3722 admirmus
1288 3657 1384 3722 devo·

234 3764 370 3844 tionem,
402 3763 524 3829 factum
546 3763 796 3841 commendavit,
829 3763 1012 3847 dictumque
1039 3767 1181 3828 montem
1204 3763 1383 3850 Elchingen

233 3891 305 3934 cum
339 3873 427 3933 turre
449 3867 622 3953 Babylonis
651 3889 723 3932 cum
746 3868 942 3952 gratitudine
975 3872 1008 3933 et
1031 3867 1150 3954 gaudio
1180 3867 1214 3933 in
1237 3889 1329 3934 suam
1352 3871 1384 3932 et

233 3975 372 4040 ecclesiae
401 3976 519 4059 recepit
550 3978 683 4052 sortem,
715 3976 746 4037 et
775 3971 816 4036 ab
839 3975 982 4036 omnium
1009 3973 1199 4038 secularium
1226 3977 1384 4058 potestate

234 4081 350 4146 exemit
362 4085 393 4145 et
405 4080 443 4144 de
452 4080 538 4144 iacto
548 4078 694 4157 absolvit,
711 4078 773 4144 sibi
784 4078 912 4162 suisque
923 4078 957 4142 in
967 4078 1039 4144 sede
1052 4077 1139 4144 Petri
1151 4079 1384 4144 successoribus

234 4186 415 4252 immediate
447 4185 580 4268 subjecit
609 4185 643 4248 in
674 4184 801 4250 nominc
822 4183 945 4269 patris,
974 4183 1034 4248 filii
1056 4189 1088 4249 et
1115 4184 1248 4269 spiritus
1271 4183 1383 4249 sancti.

799 4329 816 4367 s

309 4413 320 4465 l
335 4407 452 4464 senoni?
466 4407 510 4461 Kl.
543 4408 606 4463 Alle
617 4411 724 4466 anderu
734 4409 826 4466 haben
838 4409 951 4466 scriem!
965 4409 1022 4464 Soll
1035 4425 1063 4464 es
1076 4407 1177 4466 beiden
1191 4409 1384 4466 senteutiam?
