3034 4922
674 339 738 424 283

289 512 480 599 Serranoque
501 516 690 581 catholicam
713 516 808 580 fidem
831 514 1053 594 informantur,

290 619 327 685 In
350 620 479 704 eiusque
502 619 659 706 colloquio
682 620 765 695 dulci
788 620 994 700 delectantur,

213 743 265 781 ⁶⁸¹⁶
291 725 340 791 Ex
362 726 490 810 eiusque
512 727 670 811 presentia
691 727 771 792 bene
793 724 1004 791 consolantur.

289 830 446 916 Multique
468 829 645 897 Jerusalem
668 853 773 897 secum
796 834 1046 916 permanserunt,

289 938 429 1024 Eiusque
451 939 610 1004 consortio
632 961 665 1004 se
687 936 772 1003 dulci
795 936 1036 1002 coniunxerunt.

289 1041 356 1108 Alii
377 1065 452 1108 vero
475 1043 630 1108 consolati
653 1043 780 1108 domum
802 1041 964 1106 redierunt

288 1147 333 1215 Et
355 1147 490 1214 Mariam
512 1147 698 1234 genitricem
721 1148 770 1213 dei
792 1145 1011 1213 laudaverunt.

138 1387 243 1472 Quod
255 1387 392 1461 Paulus
414 1389 604 1483 apostolus
621 1387 725 1460 venit
737 1385 946 1460 Jerusalem
969 1385 1093 1459 videre
1107 1383 1276 1456 Mariam.

219 1588 267 1626 aa
293 1567 411 1634 Paulus
434 1572 509 1634 tuno
532 1568 692 1655 apostolus
715 1592 734 1633 a
757 1569 1093 1653 dominoprostratus,

290 1675 333 1740 Et
354 1675 387 1738 in
410 1675 608 1761 evangelium
630 1675 703 1740 fidei
723 1677 861 1753 vocatus,

290 1779 386 1846 Venit
407 1781 441 1844 in
465 1777 642 1844 Jerusalem
665 1779 798 1844 Mariam
822 1779 959 1856 visitare,

290 1885 334 1952 Et
354 1885 462 1952 fideles
485 1883 623 1970 reliquos
645 1884 761 1950 ibidem
784 1884 930 1950 salutare.

289 1990 367 2056 Cum
390 1989 507 2076 gaudio
529 1989 701 2074 suscipitur
724 1989 841 2054 Paulus
865 2011 884 2053 a
906 1987 1017 2068 Maria,

216 2113 262 2150 ⁶⁰²⁶
288 2095 331 2161 Et
354 2119 373 2161 a
395 2094 511 2161 sanctis
534 2095 663 2180 reliquis
685 2117 757 2160 cum
778 2093 881 2159 laudis
902 2092 1093 2178 hymnodia3

287 2199 331 2265 Et
351 2201 459 2266 fideles
482 2201 621 2266 universi
643 2203 719 2266 tunc
742 2199 958 2265 inhabitantes

287 2305 464 2371 Jerusalem
485 2306 677 2372 conveniunt
699 2307 793 2372 nimis
816 2306 994 2371 exultantes

287 2409 432 2494 Apostoli
456 2409 647 2475 sanctissimi
669 2411 707 2475 de
730 2410 942 2489 conversione,

288 2515 331 2580 Et
353 2538 390 2580 ex
413 2516 480 2580 eius
502 2515 585 2581 inter
608 2520 718 2602 gentes
740 2515 961 2601 predicatione.

215 2637 263 2676 ⁸⁸⁸⁰
289 2621 337 2685 Ad
362 2621 497 2687 Mariam
519 2623 646 2687 veniens
668 2621 787 2686 Paulus
811 2621 1010 2686 confortatur

287 2723 323 2789 ln
346 2725 417 2805 fide,
442 2749 537 2811 quam
560 2731 747 2811 susceperat,
770 2749 912 2792 necnon
936 2725 1126 2790 informatur

289 2829 338 2894 Ab
361 2853 398 2895 ea
420 2831 458 2896 de
479 2831 629 2896 misteriis
650 2831 877 2896 incarnationis

288 2935 331 2999 lit
352 2936 390 3000 de
412 2935 534 3002 cunctis
557 2937 762 3003 sacramentis
785 2935 862 3002 Jesu
885 2937 1050 3020 passionis,

288 3039 393 3126 Atque
415 3042 465 3106 sui
487 3043 627 3127 corporis
650 3041 886 3109 resurrectionis

214 3161 263 3201 ⁸⁹⁸⁶
288 3143 331 3210 Et
353 3145 393 3210 ad
415 3147 498 3212 celos
520 3147 636 3212 iterum
658 3147 958 3235 transmigrationis.

132 3379 239 3464 Quod
255 3381 370 3457 Lucas
398 3383 546 3479 scripsit
566 3385 802 3479 evangelium
827 3409 872 3458 ex
895 3406 957 3458 ors
977 3383 1132 3478 virginis
1146 3381 1272 3456 Mario.

289 3565 385 3632 Lucas
409 3565 501 3632 Pauli
523 3567 635 3647 socius,
659 3567 713 3652 qni
735 3567 799 3631 fuit
819 3568 854 3631 in
877 3569 936 3632 hac
960 3568 1021 3648 via,

289 3669 402 3736 Omnia
424 3695 484 3756 qne
506 3671 591 3736 diota
613 3677 688 3736 sunt
714 3673 751 3736 de
774 3673 897 3758 virgine
920 3671 1023 3738 Maria

290 3775 467 3861 Diligenter
490 3778 619 3842 audiens
641 3777 758 3862 scripto
781 3778 1021 3858 commendavit,

289 3881 332 3946 Et
354 3904 451 3947 unum
474 3883 690 3969 evangelicum
711 3883 829 3948 librum
852 3884 1043 3968 compilavit.

377 4119 481 4204 Quod
508 4121 649 4194 Paulus
676 4121 829 4194 recessit
857 4145 879 4193 a
906 4121 1037 4194 Maria.

217 4315 267 4354 sac
291 4298 364 4366 Post
385 4301 486 4368 Maris
508 4303 641 4390 virginis
663 4303 911 4370 benedictionem

265 4459 269 4470 .
291 4403 427 4493 Eiusque
448 4408 633 4476 mellifluam
655 4409 902 4478 consolationem
