3034 4922
682 349 744 420 201

211 542 265 583 ⁶0⁸³
290 523 351 592 Per
372 527 509 592 mortem
531 530 638 593 temen
661 527 764 594 deitas
784 551 916 596 manens
937 529 1085 613 indivisa,

247 715 253 728 Ι
291 630 358 697 Heu
379 633 442 698 duo
464 632 559 698 simul
581 633 744 718 copulavit
764 656 829 700 non
851 635 957 704 sinens
979 639 1120 725 separari

290 735 441 805 Animam
463 739 501 806 de
523 762 653 826 corpore
674 763 731 808 neo
753 742 894 812 alienari.

291 841 343 910 Sio
363 866 499 928 persona
520 845 580 912 filii
601 847 711 913 vivens
734 847 852 914 deitate

290 947 411 1015 Mansit
431 951 517 1036 patri
539 951 651 1019 similis
673 953 706 1020 in
729 976 794 1020 una
815 954 969 1037 trinitate,

214 1072 267 1110 ⁶⁰⁴⁰
292 1051 344 1119 sic
365 1055 552 1124 eoniunetns
574 1059 678 1126 anime
701 1059 861 1126 deseendit
882 1061 922 1127 ad
944 1059 1070 1128 inferna

291 1157 391 1230 Filius
413 1163 602 1234 anctoritate
624 1163 755 1235 fulcitus
777 1187 850 1235 oum
872 1170 1014 1256 paterna.

136 1475 192 1551 De
210 1479 346 1575 gaudio
367 1483 584 1557 sanatorum
606 1506 723 1578 quum
743 1485 855 1561 Jesue
875 1487 979 1562 venit
1005 1487 1054 1561 ad
1081 1481 1282 1563 infernum'.

292 1690 371 1760 Cum
394 1715 471 1782 ergo
493 1694 581 1762 venit
602 1695 643 1762 ad
664 1693 825 1761 infernum
847 1694 1011 1762 diabolum
1033 1693 1219 1782 prostravit,

290 1797 414 1886 Suoque
435 1801 577 1886 potentie
598 1799 717 1868 eatenis
739 1799 825 1866 huno
845 1799 969 1887 ligavit

293 1902 501 1992 Claustraque
521 1908 662 1972 tartarea
685 1903 836 1970 divinitus
858 1903 1026 1986 destruxit,

218 2027 270 2066 ⁶⁰⁴⁶
296 2008 341 2076 Et
361 2009 403 2076 ab
424 2009 476 2076 his
498 2009 639 2077 fidelium
661 2009 784 2076 animm
806 2008 931 2086 eduxit;

292 2112 354 2182 Sed
376 2118 452 2182 tune
475 2137 583 2183 omnes
606 2115 711 2182 anime
732 2119 915 2182 sanatorum
937 2116 1166 2202 prophetarum
1275 2101 1279 2116 '

293 2219 400 2308 Atque
422 2226 551 2308 patrum
573 2223 778 2309 antiquorum
801 2226 833 2289 et
854 2221 1108 2308 patriarcharum

293 2327 344 2394 Ad
366 2349 400 2394 se
421 2327 471 2394 dei
493 2327 596 2394 filium
618 2327 727 2397 venire
749 2350 821 2395 eum
842 2328 1015 2408 novissent,

294 2433 509 2520 Vinctumqne
530 2434 693 2501 diabolum
715 2456 822 2501 eornm
843 2457 877 2500 se
899 2433 1061 2515 vidissent,

217 2559 270 2598 ⁸0⁶⁰
295 2538 496 2608 Exultabant
516 2541 616 2606 nimia
637 2540 741 2606 letitia
762 2541 937 2627 gaudentes

293 2645 337 2712 Et
358 2643 526 2712 elevabant
548 2645 665 2712 inbilos
686 2645 853 2712 laudantes
875 2649 908 2712 et
930 2645 1090 2713 dieentes:

297 2748 344 2818 »Ο
366 2751 582 2818 desiderabilis
605 2751 698 2818 nobis
720 2750 885 2832 advenisti,

292 2855 353 2934 Qui
375 2857 514 2924 moriens
536 2879 591 2944 per
613 2857 801 2945 sanguinem
822 2878 881 2923 noe
903 2861 995 2923 tuum
1018 2857 1199 2933 redemisti;

292 2961 338 3029 ‘l'e
360 2963 479 3029 dudum
501 2961 733 3049 expectavimus
755 2963 790 3028 in
813 2962 952 3029 tenebris
974 2962 1127 3042 sedentes,

217 3085 268 3124 σθω
292 3067 393 3146 Quem
414 3069 573 3154 quondam
595 3069 854 3155 prophetavimus
877 3072 1046 3135 venturum
1068 3072 1101 3135 te
1122 3067 1265 3134 seientes.

293 3171 378 3240 Hine
398 3172 493 3241 Jesus
514 3174 565 3242 dei
586 3173 671 3241 tilius
694 3174 825 3241 demone
846 3177 1007 3260 prostrato

294 3277 339 3345 nt
360 3278 394 3344 in
417 3279 529 3346 abissis
551 3279 673 3346 baratri
694 3279 869 3346 leviathan
892 3279 1004 3367 ligato,

293 3381 427 3451 Animas
449 3385 588 3453 fidelium
611 3385 720 3454 eduxit
743 3385 916 3466 universas,

295 3488 355 3556 Per
376 3489 496 3558 multos
517 3513 618 3558 annos
639 3491 674 3558 in
696 3489 814 3558 inferni
836 3489 973 3577 ealigine
993 3489 1159 3557 demersas.
1257 3547 1262 3555 .

216 3609 267 3649 ⁸⁰⁸⁰
294 3591 331 3660 ln
353 3593 499 3661 celestem
523 3595 705 3682 paradisum
726 3595 786 3662 has
808 3595 883 3662 feeit
905 3601 1100 3662 transmeare

293 3697 338 3764 nt
359 3701 572 3769 ascensionem
595 3702 641 3768 ibi
664 3723 755 3768 suam
776 3705 950 3788 expectare

701 3825 720 3866 a

209 3921 277 3984 6060
295 3921 319 3978 G
338 3925 498 3986 westrem
517 3926 591 3986 uate
609 3925 747 3988 eleatem.
