3034 4922
636 419 698 484 227

248 591 368 670 Ullum,
392 591 446 656 sed
467 591 709 656 mundissimum
732 597 801 656 erat
823 597 919 677 atque
940 596 1076 658 stratum

250 695 297 760 De
319 717 396 781 sago
419 717 512 779 super
534 695 688 759 stramina
709 696 849 779 positum
872 696 1018 777 babebat,

253 801 297 866 Et
317 801 449 866 cervical
472 801 630 864 modicum
652 801 686 864 in
709 823 772 885 quo
794 802 983 886 quiescebat.

251 904 351 970 Juxta
372 907 489 970 lectum
511 906 597 970 locus
621 910 699 985 crat,
722 929 813 971 orare
836 929 898 992 quo
922 907 1053 988 solebat,

174 1027 225 1066 οπο
252 1009 312 1075 Vel
333 1013 367 1074 in
389 1033 452 1096 quo
475 1010 750 1094 contemplabatur
772 1013 983 1097 scripturasvc
1006 1015 1141 1099 legebat,

251 1115 295 1181 Et
318 1117 355 1181 ad
379 1121 502 1201 partem
524 1118 658 1182 alteram
680 1118 784 1183 fuerat
805 1119 909 1184 locata

255 1219 359 1300 Sedes,
381 1222 415 1286 in
438 1245 501 1307 qua
523 1222 680 1288 residebat
702 1223 742 1287 ad
763 1245 844 1308 opus
866 1224 923 1288 hcc
946 1225 1047 1288 beata.

253 1325 427 1413 Nunquam
449 1333 518 1394 crat
540 1330 642 1393 otiosa
664 1327 776 1408 Maria,
800 1331 853 1394 sed
875 1331 996 1394 intente

254 1432 425 1498 Laboravit
446 1437 478 1498 et
499 1434 612 1514 oravit,
635 1435 685 1499 vel
707 1435 822 1500 devota
842 1439 948 1499 mente
994 1423 995 1428 ἵ

178 1557 229 1594 evo
256 1537 466 1604 Psalmodiam
489 1540 671 1618 ruminavit,
694 1539 744 1604 val
765 1541 1048 1624 contemplabatur,

256 1641 316 1708 Vel
336 1645 371 1708 in
393 1645 508 1710 mentis
529 1644 630 1708 iubilo
652 1644 868 1709 deliciabatur.

110 1959 162 2033 De
190 1962 302 2056 signis
323 1985 396 2058 que
418 1962 560 2036 fiebant
580 1987 645 2058 per
659 1963 814 2036 Mariam
838 1964 926 2035 dum
947 1965 1069 2036 adbuc
1090 1965 1244 2038 viveret.

260 2169 366 2258 Signis
388 2177 421 2237 et
443 2173 603 2238 miraculis
627 2172 729 2238 Maria
751 2173 825 2238 dum
849 2173 976 2238 vivebat

260 2275 391 2356 Glaruit,
414 2301 475 2363 que
497 2279 642 2344 dominus
665 2301 721 2364 per
742 2281 845 2364 ipsam
867 2278 1061 2358 ostendebat,

262 2383 298 2448 ln
320 2383 456 2449 infirmis
477 2384 631 2468 plurimas
653 2385 786 2450 virtutes
809 2383 1064 2464 demonstrando,

190 2507 237 2544 Μ
261 2489 364 2575 Egros
388 2493 484 2573 atque
505 2487 623 2554 debiles
645 2490 827 2554 innumeros
849 2490 997 2554 curando.

154 2663 157 2668 ,
264 2595 314 2659 Ad
336 2596 441 2679 ipsum
463 2595 546 2658 enim
569 2595 712 2680 languidi
733 2595 826 2660 multi
849 2597 1071 2672 convenerunt,
1191 2579 1199 2593 ⁸

264 2697 439 2764 Sanitatem
459 2700 626 2784 pristinam
648 2701 704 2784 qui
724 2701 830 2764 cuncti
852 2702 1045 2784 receperunt.

265 2803 359 2870 Multi
381 2805 555 2870 demoniaci
577 2806 757 2890 peripsam
779 2805 981 2883 curabantur,

265 2909 316 2974 Ab
339 2910 473 2974 obsessis
495 2910 641 2974 demones
663 2908 878 2994 ejiciebantur.

194 3032 241 3070 πω
267 3013 349 3080 Nam
371 3013 472 3079 Maria
494 3015 639 3080 demones
662 3037 776 3080 nomen
800 3015 961 3080 audientes

268 3120 316 3184 Ab
338 3120 473 3184 obsessis
496 3125 698 3200 recesserunt,
724 3121 855 3185 sufferre
877 3141 941 3184 non
964 3119 1103 3184 valentes

267 3225 365 3291 Dulce
387 3247 501 3290 nomen
524 3226 666 3310 virginis,
690 3227 743 3290 sed
766 3227 821 3311 qui
844 3225 1028 3289 restiterunt

269 3329 386 3396 Audito
408 3353 466 3396 suo
488 3331 624 3410 nomine,
648 3332 775 3396 tandem
797 3331 963 3396 exiverunt

268 3433 317 3500 Ad
342 3437 474 3522 virginis
496 3436 658 3516 intuitum,
681 3436 808 3501 horride
830 3435 1012 3512 clamantes,

194 3559 245 3596 στω
269 3539 382 3606 Videre
403 3541 528 3606 vultum
551 3541 600 3606 dei
622 3542 734 3606 matris
756 3561 820 3605 non
843 3561 933 3623 posse
956 3561 989 3603 se
1011 3541 1173 3602 testantes.

270 3645 346 3711 'ibes
369 3647 472 3712 Maria
494 3651 643 3725 mortuos,
666 3667 738 3710 curn
759 3645 850 3724 vixit,
873 3643 1048 3720 suscitavit,

270 3751 354 3827 Quos
376 3751 415 3816 ad
438 3751 537 3816 vitam
560 3751 728 3835 pristinam
750 3771 843 3815 sanos
866 3747 1034 3813 revocavit.

299 4067 400 4155 Quod
429 4067 548 4142 Maria
574 4067 771 4142 suscitavit
797 4067 916 4140 filium
944 4065 1065 4138 vidue.

276 4278 326 4342 Ad
348 4277 483 4344 Mariam
506 4279 662 4364 virginem
685 4279 772 4342 venit
793 4275 939 4341 eiulando

276 4381 380 4448 Vidua
401 4383 599 4468 paupercula,
623 4381 710 4447 luctu
736 4379 923 4458 miserando,

201 4507 252 4544 οπο
278 4487 433 4566 Quoniam
456 4488 579 4576 obierat
600 4486 685 4552 filius
707 4486 816 4571 ipsius,

1000 4589 1058 4644 15*
