3014 4926
754 347 797 418 94

358 531 426 597 Aut
448 551 554 597 rerum
577 529 805 594 abundantiam
828 527 878 592 rel
901 525 1019 591 artium
1042 527 1197 605 doctrina,

357 638 450 706 Unde
471 641 583 702 contra
604 659 736 720 puerum
759 634 869 700 Jesum
892 633 1041 708 exardere

357 742 530 808 Judeorum
553 740 724 824 impiorum
745 739 863 804 invidie
885 759 1003 823 cepere.

277 868 329 908 auo
355 847 490 926 Quidam
512 847 597 912 enim
619 846 719 910 vitam
743 865 832 910 suam
855 844 1020 908 laudantes
1042 841 1316 920 commendabant,

328 941 330 948 '
358 952 493 1031 Quidam
525 955 632 1017 autem
655 949 742 1015 iacta
764 971 822 1014 sua
843 952 1025 1034 spementee
1048 946 1318 1023 condemnabant;

357 1058 491 1136 Quidam
514 1057 598 1122 dulci
620 1077 719 1140 puero
740 1053 818 1120 Jesu
841 1053 1080 1140 detrahebant„
1124 1077 1126 1082 ’

356 1163 490 1240 Quidam
514 1167 618 1227 autem
642 1164 828 1226 venerantes
850 1160 935 1224 hunc
956 1159 1200 1236 benedicebam

355 1269 490 1345 Quidam
513 1269 562 1333 dei
584 1267 687 1332 filium
709 1266 795 1331 huuc
816 1287 883 1330 esec
904 1265 1115 1342 testabantur,

277 1394 328 1432 cocu
355 1373 488 1452 Quidam
511 1373 728 1439 demoniacum
750 1371 835 1436 hunc
856 1371 925 1436 fore
946 1368 1150 1444 fatebantur;

354 1479 489 1557 Quidam
511 1479 596 1543 huuc
618 1477 766 1563 angelum
790 1475 841 1541 vel
862 1476 1010 1560 spiritum
1033 1474 1191 1552 dicebant,

352 1585 487 1662 Quidam
509 1584 594 1648 hunc
615 1585 845 1647 incantatorem
868 1580 919 1646 rel
940 1601 1071 1665 magum
1092 1579 1283 1646 aserebant.

353 1688 446 1754 Hunc
468 1690 502 1753 in
524 1689 653 1774 Egypto
676 1687 833 1772 magicam
856 1691 957 1752 artem
979 1685 1124 1751 didicisse

351 1795 509 1860 Dixerunt
531 1792 668 1878 quidam,
692 1791 747 1856 alii
769 1792 808 1856 de
828 1789 903 1856 celis
924 1790 1010 1856 hunc
1031 1789 1163 1856 ianime.

274 1920 324 1958 που
353 1898 445 1964 Jesus
468 1921 546 1984 puer
567 1897 712 1962 subditus
736 1899 805 1961 erat
826 1917 882 1960 sue
903 1895 1000 1961 matri

354 2005 460 2090 Atque
482 2008 591 2070 sanctu
614 2001 734 2088 Joseph
757 2023 814 2067 suo
837 2000 981 2086 putativo
1003 2000 1098 2084 patri.

350 2106 433 2192 Ipsis
455 2108 537 2173 sicut
559 2106 665 2193 potuit
687 2106 823 2171 libenter
845 2105 1012 2184 serviebat,

350 2213 394 2278 Et
416 2213 463 2278 eia
483 2211 689 2278 amminicula
711 2231 772 2295 quc
794 2210 896 2274 valuit
917 2209 1078 2295 prebebat.

350 2527 452 2614 Quod
474 2529 582 2602 Jesus
611 2529 759 2622 collegit
787 2527 902 2600 matri
929 2549 995 2599 sue
1025 2527 1169 2630 herbae.

349 2737 529 2822 Aliquando
552 2757 630 2820 puer
650 2735 744 2802 <lesus
767 2737 807 2801 ad
828 2757 955 2820 campos
978 2735 1165 2800 mittebatur

272 2861 323 2898 ²⁰⁶⁶
350 2841 514 2921 amatre,
537 2843 619 2926 quod
644 2841 808 2926 colligeret
830 2841 905 2906 huic
926 2841 1040 2906 herbas
1064 2840 1246 2925 rogabatur.

348 2946 457 3011 Dulcis
479 2967 557 3030 puer
580 2946 663 3011 dulci
686 2947 782 3012 matri
804 2947 939 3011 libenter
961 2947 1110 3024 obedivit,
1185 2993 1189 3010 .

349 3050 573 3135 Accipiensque
596 3051 772 3135 sportulam
794 3050 834 3114 ad
856 3071 952 3135 agros
972 3050 1058 3116 solus
1080 3051 1149 3128 ivit,

347 3155 390 3220 Fit
410 3155 595 3222 mandatum
618 3156 730 3220 matria
753 3177 807 3220 sne
829 3154 965 3220 fideliter
988 3158 1120 3241 peregit

346 3261 394 3326 Ac
415 3260 530 3326 herbas
553 3261 743 3326 necessmias
767 3283 803 3324 ac
825 3261 912 3324 olera
933 3259 1071 3345 collegit

269 3385 320 3421 acuo
348 3365 481 3444 Accidit,
505 3369 542 3428 ut
564 3365 613 3430 die
637 3365 771 3450 quadam
796 3365 910 3430 herbas
934 3369 1110 3450 reportaret

345 3471 389 3535 Et
411 3470 450 3534 ad
472 3491 584 3533 manus
607 3470 719 3534 matris
743 3493 798 3534 sue
818 3469 919 3535 Marie
941 3473 1146 3554 presentaret,

344 3575 429 3651 Quas
451 3575 484 3638 in
508 3575 594 3640 cibos
617 3576 687 3660 ipsa
707 3580 809 3640 mater
830 3595 901 3640 cum
925 3573 1014 3640 vellit
1036 3595 1204 3659 preparare

345 3676 464 3763 Sapore
486 3680 579 3744 nimis
602 3679 731 3746 horrido
754 3681 837 3746 facte
859 3685 934 3746 sunt
956 3703 1071 3746 amare.

344 3781 414 3846 Hoc
436 3805 455 3846 a
477 3787 658 3848 matresua
681 3807 758 3869 puer
780 3784 873 3852 Jesus
895 3790 932 3850 ut
954 3785 1077 3850 audivit

268 3907 319 3944 aare
347 3887 504 3952 Modicam
526 3888 699 3953 farinulam
721 3891 754 3953 in
777 3890 904 3955 vasculo
927 3891 1087 3970 contrivit,

345 3991 389 4056 Et
412 3993 444 4056 in
467 3993 563 4057 ollam
585 3994 619 4057 in
641 4017 704 4078 qua
726 3993 788 4058 luit
809 3995 1006 4078 pulmentum
1027 3996 1088 4060 hoc
1102 3993 1243 4071 immisit,

345 4096 434 4172 Quod
457 4119 530 4161 mox
553 4098 795 4163 amaritudinem
818 4099 962 4164 totaliter
984 4100 1091 4164 amisit

338 4203 382 4267 Et
405 4201 523 4266 factum
546 4207 594 4266 est
615 4203 831 4268 dulcissimum
854 4225 890 4268 ac
913 4205 1003 4269 valde
1025 4225 1218 4291 saporosum.

341 4305 393 4372 Sic
415 4329 448 4372 se
469 4329 547 4390 puer
570 4309 665 4372 matri
688 4331 744 4373 sue
765 4309 841 4374 fecit
863 4331 1052 4374 amorosum.

262 4431 314 4472 acac
341 4411 411 4478 Hoc
432 4411 517 4477 idem
540 4411 702 4496 sepissime
725 4411 800 4477 fecit
820 4433 900 4498 puer
921 4411 1024 4494 Jesus,
