3072 4936
792 356 853 425 102

242 539 280 600 ut
302 535 371 600 sine
394 534 634 622 gravaminibus
657 539 689 602 et
711 533 849 600 servitiis
864 533 933 599 fieri
950 533 1052 598 solitis
1071 533 1270 620 principibus
1286 533 1397 600 dimit-

243 645 387 706 terentur
409 641 502 722 cives,
527 644 559 704 et
580 639 664 704 nihil
680 639 813 704 ducibus
835 642 1019 704 tenerentur
1034 638 1109 704 dare
1124 639 1176 704 vel
1196 639 1310 720 facere,
1334 639 1398 704 nisi

243 744 409 811 annuatim
432 747 589 810 trecentos
612 745 759 820 florenos,
782 763 862 828 quos
878 747 1034 830 poterant
1057 743 1128 808 duci
1151 743 1279 810 mittere
1302 749 1345 822 et,
1369 744 1397 810 si

242 849 363 935 placuit
385 850 525 929 civibus,
555 871 625 916 eam
654 849 822 934 pecuniam
852 853 1001 932 poterant
1023 847 1139 914 clausis
1162 849 1264 933 portis
1287 848 1399 914 lancea

242 978 298 1041 per
318 979 445 1020 murum
468 955 582 1020 emissa
598 954 734 1039 principi
750 953 801 1018 vel
816 953 930 1018 nuntio
945 953 1012 1018 eius
1031 953 1181 1038 praebere.
1229 949 1296 1018 Nec
1313 955 1397 1018 enim

242 1061 435 1126 tenebantur
457 1059 568 1126 ducem
589 1057 804 1123 intromittere
835 1057 876 1122 ad
905 1058 1059 1142 placitum
1082 1058 1165 1136 eius;
1197 1058 1280 1124 unde
1312 1081 1396 1123 uun·

242 1189 339 1252 quam
361 1163 522 1231 indultum
544 1163 606 1230 fuit
629 1163 762 1228 ducibus
778 1161 923 1227 Bavariae
939 1163 979 1228 ab
995 1163 1136 1248 antiquis
1156 1163 1288 1242 civibus,
1313 1163 1397 1248 quod

243 1273 276 1337 in
300 1271 487 1358 baugingen
511 1270 573 1336 sibi
595 1267 788 1336 fortalitium
810 1273 842 1333 et
864 1289 968 1332 arcem
1000 1267 1194 1332 aedificarent
1224 1289 1325 1353 usque
1357 1268 1396 1332 ad

244 1381 388 1463 tempora
410 1380 528 1456 nostra,
552 1375 585 1440 in
603 1375 718 1461 quibus
734 1371 817 1438 cives
839 1371 946 1458 pavidi
961 1376 993 1437 et
1008 1371 1206 1438 formidolosi
1222 1372 1293 1438 duci
1310 1371 1397 1437 Lud-

243 1481 323 1546 vvioo
345 1504 410 1547 non
432 1481 628 1558 restiterunt,
653 1481 708 1564 qui
730 1481 835 1544 erecta
849 1476 1023 1542 fortissima
1044 1477 1078 1540 iu
1095 1499 1132 1542 ea
1147 1499 1218 1542 aree
1235 1476 1397 1542 civitatem

245 1609 283 1652 ex
307 1610 353 1665 ea,
377 1587 405 1650 si
420 1607 499 1670 opus
515 1583 608 1660 foret,
633 1584 794 1650 destruere
808 1586 924 1666 posset
970 1579 1056 1646 Dum
1072 1603 1148 1667 ergo
1169 1581 1320 1666 oppidum
1336 1582 1398 1647 hoc

243 1691 302 1756 tali
325 1696 362 1756 ut
384 1689 451 1755 dixi
472 1687 617 1756 libertati
638 1689 807 1774 gauderet,
840 1685 935 1752 multi
958 1685 1081 1752 nobiles
1115 1688 1242 1752 ineam
1264 1687 1399 1750 commi·

243 1800 389 1884 premnt,
413 1799 445 1860 et
467 1794 551 1860 cives
572 1793 619 1859 ibi
641 1793 813 1860 residentes
835 1793 944 1858 felices
960 1791 1081 1858 divitiis
1097 1792 1200 1858 effecti
1221 1791 1396 1878 rempubli-

244 1923 313 1966 cam
336 1901 369 1965 in
393 1897 628 1965 ornatissimam
651 1897 798 1982 politiam
831 1897 1042 1976 deduxerunt3
1078 1897 1160 1962 uude
1193 1897 1399 1982 proverbium

245 2006 371 2070 eratin
393 2005 517 2085 Saenia,
541 2005 626 2090 quod
648 2025 711 2068 non
735 2005 818 2068 esset
839 2003 951 2070 civitas
980 2002 1181 2088 municipalis
1210 2004 1323 2070 melius
1347 2005 1399 2069 in-

246 2112 361 2175 stituta
383 2134 479 2196 quam
501 2109 698 2195 Laugingen.
745 2107 849 2173 Erant
871 2110 955 2174 enim
978 2109 1122 2174 consules
1148 2109 1267 2174 maturi
1296 2113 1329 2173 et
1350 2109 1400 2172 di·

246 2217 337 2296 vites,
360 2221 393 2282 et
414 2215 522 2280 nullus
546 2217 585 2280 ad
601 2215 802 2280 consulatum
816 2211 1028 2298 recipiebatur
1049 2213 1237 2278 mechanicis
1255 2215 1399 2278 intentus

246 2325 279 2386 et
301 2321 483 2388 mercantiis
506 2343 630 2390 vacans.
676 2319 764 2386 Inter
786 2319 859 2386 illos
890 2319 1033 2384 consules
1065 2323 1157 2384 eraut
1185 2339 1249 2384 non
1272 2319 1398 2384 minimi

250 2426 504 2506 Remboldenses,
527 2427 583 2512 qui
606 2425 704 2492 etiam
727 2425 896 2511 aliquoties
912 2424 1136 2510 magistratum
1153 2423 1292 2490 civitatis
1309 2446 1397 2490 rexe-

247 2535 333 2610 runt,
356 2531 432 2616 quia
454 2532 492 2596 de
514 2531 722 2616 optimatibus
755 2534 847 2595 eraut
870 2553 889 2594 a
910 2533 1002 2594 tanto
1025 2532 1185 2614 tempore,
1217 2531 1301 2614 quod
1334 2551 1398 2594 nou

246 2636 351 2702 estin
373 2637 532 2702 memoriis
555 2636 721 2702 homiuum
742 2635 841 2700 alium
864 2657 916 2700 eos
939 2639 1059 2700 statum
1076 2633 1231 2700 habuisse.
1278 2633 1316 2700 In
1339 2634 1397 2700 illu

248 2761 325 2826 ergo
348 2739 582 2826 tranquillitate
604 2741 734 2819 accidit,
769 2744 806 2804 ut
828 2739 965 2824 quadam
996 2745 1088 2804 nocte
1117 2743 1191 2804 ante
1224 2739 1398 2824 carnispri-

248 2845 335 2910 vium
358 2846 474 2910 civium
496 2845 652 2911 nobilium
675 2845 734 2910 filii
757 2843 949 2909 cursitarent
970 2867 1026 2928 per
1057 2846 1142 2908 vicos
1172 2865 1243 2908 eum
1275 2845 1397 2910 iustru-

247 2951 363 3016 mentis
385 2951 513 3016 musicis
536 2952 576 3016 ad
591 2949 850 3036 complacendum
864 2949 1050 3014 iuvenculis.
1074 2971 1148 3014 casu
1168 2951 1276 3014 autem
1290 2969 1399 3016 curre·

248 3055 305 3120 bat
327 3060 400 3140 post
423 3079 475 3122 eos
498 3057 622 3122 ovicula
644 3079 708 3120 uua
723 3056 929 3120 domesticatu
950 3056 1076 3120 crebros
1093 3055 1220 3120 balatus
1236 3056 1397 3134 emittens,

248 3161 324 3245 quia
354 3161 534 3227 errabunda
563 3183 656 3227 suum
686 3161 720 3224 in
750 3160 889 3226 tenebris
919 3159 1099 3244 perdiderat
1130 3159 1214 3226 ovile
1245 3165 1278 3224 et
1307 3165 1400 3226 notos

248 3265 407 3330 amiserat.
445 3288 579 3352 cumque
602 3267 727 3332 ovicula
748 3265 860 3332 balatu
881 3285 939 3330 suo
961 3264 1245 3330 instrumentorum
1260 3267 1400 3331 musico·

247 3392 319 3436 rum
341 3375 453 3436 tonum
475 3371 692 3451 confuuderet,
716 3372 844 3436 iuvenes
859 3391 927 3434 eam
951 3367 1204 3454 percussionibus
1229 3371 1400 3456 aliquoties

249 3475 443 3560 repulerunt,
467 3499 538 3562 quse
560 3499 683 3560 semper
698 3497 824 3541 reversa
837 3475 975 3540 clamore
991 3475 1181 3540 molestabat
1196 3496 1260 3540 eos.
1308 3473 1401 3542 Unde

248 3582 375 3667 quidam
400 3605 509 3649 eornm
531 3583 698 3649 consilium
713 3583 809 3662 dedit,
833 3585 870 3646 ut
884 3580 1042 3645 oviculam
1058 3583 1243 3657 mactarent,
1267 3602 1401 3666 eamque

249 3687 369 3771 hospiti
391 3687 566 3775 dirigerent
581 3689 775 3774 coquendam
792 3709 850 3772 pro
872 3685 929 3750 illa
944 3685 1103 3765 societate,
1127 3689 1160 3750 et
1174 3685 1206 3749 in
1223 3687 1401 3752 crastinum

249 3791 289 3854 ad
312 3792 443 3858 obulum
466 3795 626 3860 solverent
649 3815 717 3858 eam
739 3792 877 3870 homini,
911 3790 1000 3854 cuius
1032 3793 1110 3854 erat.
1157 3789 1217 3854 His
1249 3791 1400 3856 omnibus

249 3898 385 3981 peractis
409 3899 566 3964 crastinus
596 3899 724 3963 advenit
755 3899 820 3962 dies
843 3901 876 3962 et
904 3895 1068 3980 proposita
1098 3899 1145 3960 est
1172 3892 1208 3960 in
1231 3897 1401 3962 consulatu

249 4001 448 4086 querimonia
478 4003 517 4068 de
550 4003 682 4068 ovicula
732 4002 836 4068 Divisi
865 4022 942 4088 ergo
973 4004 1048 4064 suut
1076 4000 1220 4066 consules
1249 4001 1336 4067 iuter
1370 4025 1404 4068 se

250 4111 379 4189 propter
401 4130 529 4173 causam
551 4109 584 4172 in
607 4109 781 4173 contrarias
797 4107 981 4174 sententias.
1029 4105 1072 4170 ut
1085 4105 1174 4171 faeta
1188 4106 1252 4172 luit
1266 4109 1402 4194 grandis

249 4211 363 4276 divisio
385 4217 417 4278 et
439 4213 553 4278 seditio
575 4213 769 4304 incivitate,
792 4213 826 4277 in
844 4209 980 4292 tantiam,
1003 4214 1040 4275 nt
1056 4209 1276 4296 Augustenses
1291 4217 1325 4277 at
1340 4211 1402 4279 Ul-

249 4339 372 4382 menses
396 4317 618 4383 descenderent
640 4319 747 4404 gratia
769 4317 961 4382 reformandi
982 4337 1102 4401 pacem.
1148 4315 1211 4382 Sed
1227 4317 1301 4382 dum
1319 4315 1406 4382 nihil

252 4421 450 4504 proficerent,
467 4423 614 4488 devoluta
628 4423 691 4487 fuit
707 4445 802 4488 causa
817 4423 857 4488 ad
874 4423 983 4487 ducem
1001 4421 1154 4504 Bavariae,
1170 4421 1225 4508 qui
1242 4422 1404 4486 incassum
