3034 4922
686 283 749 352 231

299 458 365 524 Hec
386 481 458 524 curn
481 461 565 526 notis
589 463 622 526 et
643 460 752 546 amicis
774 462 853 528 flens
876 467 909 528 et
933 462 1080 530 eiulando

222 583 273 623 ⁸⁸⁶⁶
299 565 498 652 Sequebatur
519 565 655 632 bestiam
677 567 771 646 hanc,
795 568 1025 654 investigando,

296 671 329 738 Si
352 671 465 736 saltem
486 692 558 736 ossa
580 672 669 755 pueri
693 677 799 756 posset
820 673 972 753 invenire,

297 776 461 853 Querendc
483 777 538 842 diu
559 799 623 841 non
648 776 775 842 valebat
798 777 968 864 quicquam
991 779 1136 864 reperire.

294 880 432 948 Reversa
453 882 582 948 domum
604 882 682 948 flens
705 887 737 948 et
760 883 872 968 lugens
895 882 997 948 solum
1019 884 1079 950 hoc
1101 884 1240 950 habebat

294 985 460 1068 Solatium,
484 989 569 1073 quod
591 988 751 1053 dominam
773 987 910 1053 Mariam
933 989 1068 1068 adiubat,

103 1145 109 1162 .
218 1111 268 1151 σθω
295 1091 455 1178 Suamque
478 1093 637 1160 miseriam
660 1093 721 1158 sibi
744 1093 944 1178 querebatur.

294 1198 355 1266 Sed
378 1197 483 1264 Maria
504 1199 639 1264 dulciter
662 1199 743 1264 hanc
765 1198 989 1264 consolabatur

293 1305 427 1370 Dicens:
454 1303 501 1370 »Ο
524 1308 561 1368 tu
582 1304 697 1369 mulier
719 1303 866 1370 fiduciam
889 1305 922 1368 in
946 1303 1039 1370 deum

293 1409 402 1477 Jesum
425 1409 588 1476 bbristnm
610 1409 727 1475 habeas
749 1409 913 1494 filiumque
935 1431 1058 1488 meum3

292 1514 352 1580 Est
373 1516 459 1580 enim
481 1518 593 1599 petens
614 1513 717 1580 filiurn
739 1518 831 1579 tuum
852 1537 1037 1582 conservare

221 1637 272 1676 vsu
296 1619 340 1684 Et
361 1619 403 1684 ab
426 1641 480 1686 ore
502 1619 601 1686 bestie
623 1619 730 1686 vivum
752 1620 916 1686 liberare<

297 1723 356 1789 His
378 1725 495 1790 auditis
517 1724 631 1792 mulier
653 1747 778 1792 reversa
800 1726 929 1792 domum
950 1727 1047 1806 venit,

294 1826 413 1894 Sanum
435 1835 467 1894 at
489 1829 677 1896 incolumem
699 1853 832 1915 puerum
854 1830 984 1896 invenit

292 1931 377 1998 Nam
399 1933 500 2000 Marie
521 1935 642 2001 meritis
665 1935 715 2000 leo
737 1937 911 2020 reportavit
1016 1997 1020 2004 .

292 2037 429 2110 Puerum
451 2043 483 2110 et
504 2045 578 2108 ante
599 2041 682 2108 fores
704 2041 817 2108 matris
838 2041 1013 2109 collocavit.

329 2363 432 2451 Quod
460 2363 580 2438 Maria
606 2363 781 2437 liberavit
807 2365 885 2436 tres
912 2362 1075 2438 iuvenes.

215 2591 266 2630 uu
291 2571 476 2638 innocentes
498 2572 625 2636 iuvenes
647 2575 711 2636 tres
734 2575 827 2636 orant
848 2570 1047 2636 condemnati

288 2676 394 2762 Atque
416 2699 473 2762 per
494 2676 684 2742 calumniam
706 2677 746 2742 ad
768 2681 903 2742 mortem
925 2676 1065 2742 iudicati.

290 2781 335 2848 Hi
356 2804 428 2848 cam
450 2805 506 2867 per
528 2781 680 2848 satellites
703 2781 800 2846 vincti
823 2781 1010 2846 ducerentur

288 2886 339 2952 Ad
360 2891 496 2953 mortem
517 2891 612 2972 atque
634 2885 763 2970 plurimi
786 2891 858 2971 post
879 2885 951 2952 illus
972 2891 1187 2970 sequerentur,

290 2993 340 3058 nd
362 3015 415 3058 eor
437 2992 566 3078 quidam
589 2991 788 3058 Christianus
811 2991 950 3057 clamans
971 2991 1118 3058 invocare

212 3115 263 3154 ⁶⁸7⁶
289 3095 459 3164 Dominam
480 3097 616 3163 Mariam
637 3097 739 3174 iussit,
762 3101 799 3162 ut
820 3097 905 3182 ipsos
927 3097 1061 3163 liberare

287 3201 482 3290 Dignaretur
505 3207 600 3288 atque
623 3225 695 3268 vere
717 3225 750 3268 se
772 3202 1003 3288 profiterentur,

286 3305 375 3372 Velle
397 3305 560 3372 Christum
582 3307 716 3387 credere,
739 3307 784 3372 sic
805 3307 915 3372 statim
937 3305 1145 3372 salvarentur.

287 3411 331 3477 Hi
353 3413 462 3478 audito
484 3411 611 3478 nomine
634 3411 733 3477 Maria
755 3409 956 3497 suspirabant

287 3515 453 3602 Ipsumque
476 3539 547 3582 cum
570 3515 708 3582 lacrimis
730 3515 825 3582 simul
847 3516 1047 3598 invocabant,

209 3641 261 3679 aa
288 3619 408 3687 Utens
430 3621 550 3706 eripere
571 3621 609 3686 de
631 3625 734 3686 morte
756 3621 951 3706 dignaretur,

286 3727 370 3794 Nam
393 3728 464 3812 ipsa
485 3727 553 3792 fore
574 3727 624 3793 dei
647 3731 758 3806 mater,
782 3747 854 3791 vere
875 3725 1063 3792 eraderetur.

286 3832 360 3898 Mox
383 3855 492 3898 eorum
514 3831 641 3896 vincula
662 3835 776 3896 cuncta
796 3829 1010 3911 solvebantur,

284 3935 391 4022 Atque
413 3937 467 4022 qui
489 3937 648 4002 duxerunt
669 3958 722 4002 eos
744 3936 777 4000 in
801 3935 913 4020 fugam
936 3935 1150 4016 vertebantur,

286 4040 429 4128 Maligno
452 4043 535 4128 rapti
558 4042 683 4128 spiritu,
706 4045 739 4107 et
761 4041 815 4126 qni
838 4040 1050 4126 sequebantur

210 4163 261 4202 σιω
285 4145 427 4212 Luminis
449 4147 561 4214 acrisia
585 4146 853 4232 percutiebantur.

285 4247 336 4314 Illi
360 4255 463 4317 autem
487 4251 647 4318 detinente
669 4251 758 4316 nullo
780 4250 936 4330 abierunt,

285 4354 458 4426 laudentes
481 4357 573 4424 deum
597 4358 636 4426 ad
659 4357 792 4426 Mariam
819 4355 974 4444 virginem
997 4359 1160 4436 venerunt,
