2996 4924
662 383 703 448 35

202 573 241 611 εει
270 554 335 620 Aut
358 577 471 620 aurum
494 555 577 620 circa
599 555 733 620 sericum
756 556 885 622 retorsit
905 557 1106 641 involvendo,

268 661 335 725 Aut
357 664 506 726 ornatum
529 681 623 744 super
644 660 745 744 pallas
768 661 894 726 induxit
916 665 1104 731 consuendo.

267 763 328 831 Vel
349 764 557 830 sacerdotalia
579 765 654 829 feeit
677 767 876 846 vestimenta,

267 869 327 936 Vel
351 891 446 954 super
467 867 582 933 altaria
604 871 730 953 paravit
753 877 950 938 ornamenta.

267 972 383 1038 Omnia
405 973 509 1038 Maria
532 972 634 1060 Virgo
656 975 733 1040 iecit
753 977 908 1058 ordinate,
1129 1059 1133 1068 Ι

201 1097 241 1136 su
267 1077 441 1164 sagaciter,
464 1082 648 1164 composite,
673 1081 818 1148 decenter
841 1085 874 1147 et
896 1089 1018 1150 ornate.

267 1181 407 1269 Vigiliis,
430 1185 557 1250 ieiuniis
579 1189 611 1250 et
633 1187 771 1251 orationi

266 1287 340 1374 Ipsa
362 1311 485 1374 semper
507 1290 693 1356 intendebat
715 1313 751 1356 ao
774 1292 945 1358 devotioni.

250 1605 354 1691 Quod
382 1605 502 1680 Maria
530 1609 633 1704 virgo
660 1609 834 1684 omnibus
863 1613 1001 1687 dilecta
1027 1613 1112 1686 fnit.

268 1814 387 1880 Tamen
410 1813 617 1900 singulariter
640 1815 743 1881 nullas
764 1817 915 1902 speciales

266 1921 408 1986 Tenebat
429 1921 657 2002 observantias,
680 1944 753 1986 suas
776 1945 816 1987 ue
838 1923 961 1988 sodales

202 2044 241 2082 ⁸⁴⁵
268 2025 473 2092 Perturbaret
496 2026 603 2111 aliqua
625 2026 867 2112 singularitate3

266 2129 472 2196 Communem
494 2131 579 2195 viam
602 2131 767 2196 ambulans
790 2153 862 2197 cum
885 2134 1058 2218 equalitate

265 2235 406 2301 Multum
428 2235 512 2300 enim
535 2235 597 2300 sibi
621 2235 715 2316 cavit,
739 2257 779 2302 ne
801 2238 1027 2306 scandalizaret

267 2340 439 2407 Personam
461 2363 602 2426 unquam
626 2341 776 2426 aliquam,
799 2343 865 2408 sive
887 2343 1088 2426 molestaret3

266 2445 420 2512 Omnibus
443 2447 611 2511 amabilem
634 2449 792 2514 extraneis
815 2451 848 2513 et
870 2450 954 2514 notis

201 2569 239 2608 ⁸⁶⁰
266 2549 304 2618 Se
327 2552 412 2631 feeit,
435 2557 468 2618 et
489 2552 676 2637 placabilem
696 2555 808 2639 ,amicis
831 2558 863 2620 et
884 2555 1015 2641 ignotis.

265 2657 295 2722 A
317 2658 382 2722 suis
405 2657 565 2722 sodalibus
588 2658 621 2722 in
646 2660 846 2724 veneratione

265 2761 384 2846 Magna
405 2785 530 2846 semper
551 2763 720 2828 tenebatur
742 2768 774 2829 et
798 2765 1009 2831 dilectatione.

264 2865 369 2951 Ipsam
392 2867 598 2953 singulariter
620 2889 728 2933 omues
748 2869 937 2948 dilexerunt,

264 2971 308 3036 Et
329 2993 399 3036 eam
421 2971 600 3056 specialiter
621 2975 733 3038 eunom
754 2979 965 3057 prevenerunt

200 3095 239 3134 επ
265 3075 300 3142 In
324 3078 604 3157 benedictionibus,
627 3077 801 3143 dulcedinis
823 3078 952 3160 honore,

263 3181 415 3261 Servitiis,
439 3181 608 3267 obsequiis,
632 3184 825 3264 muneribus,
849 3207 965 3251 amore.

264 3287 453 3373 Exemplum
476 3289 595 3353 bonum
618 3289 658 3353 ab
681 3311 718 3354 ea
741 3295 852 3356 cuncte
874 3295 1077 3376 receperuut;

263 3393 307 3458 Et
327 3415 361 3459 se
383 3394 482 3458 santis
505 3393 647 3460 moribus
669 3396 768 3480 ipsius
790 3399 1013 3473 correxeruut;
1057 3443 1061 3450 .

264 3495 324 3565 Sed
346 3499 416 3583 ipsa
437 3503 568 3584 propter
589 3501 689 3565 socias
712 3501 757 3565 sic
780 3500 979 3580 anxiebatur,

199 3621 237 3660 ⁸⁶⁰
263 3603 318 3683 Ut,
342 3603 500 3670 delectum
523 3603 659 3689 aliquem
683 3606 710 3669 si
732 3605 924 3689 patiebatur,

263 3708 357 3774 Hunc
379 3708 536 3773 defectum
557 3707 661 3773 Maria
683 3731 775 3774 suum
799 3710 979 3795 reputabat,

264 3813 315 3895 Et,
339 3815 421 3879 sicut
441 3813 512 3898 ipsa
533 3815 648 3898 potuit,
672 3835 778 3880 secum
800 3815 968 3894 tolerabat,

264 3918 301 3984 In
323 3918 563 3985 necessitatibus
586 3918 660 3983 huic
682 3921 907 3999 subveniendo,

263 4021 301 4088 ln
322 4021 564 4087 intimitatibus
586 4023 647 4086 sibi
670 4023 843 4089 serviendo.

198 4147 237 4184 ⁸⁶⁵
263 4127 403 4194 infirmis
425 4150 500 4192 nam
523 4127 683 4193 sororibus
706 4129 818 4193 devote
840 4129 1044 4194 ministrabat

263 4231 300 4298 In
323 4233 450 4318 suisque
473 4233 645 4312 doloribus,
668 4237 705 4297 ut
727 4235 841 4318 potuit,
864 4235 1004 4299 iuvabat.

264 4339 499 4424 Quemcumque
519 4339 601 4402 vidit
622 4338 780 4403 hominem
804 4339 872 4404 fore
893 4340 1093 4418 tribulatum,

263 4441 324 4508 Vel
345 4443 452 4530 aliqua
475 4443 620 4508 molestia
641 4445 741 4510 sensit
763 4445 998 4526 conturbatum,

999 4547 1043 4604 3*
