3034 4922
775 312 839 380 248

314 512 365 550 ⁷³³0
393 490 509 559 Statim
533 513 657 576 quoque
679 490 849 588 sanitatem
871 487 1005 572 recepit?
1022 509 1118 572 quam
1141 487 1274 573 optavit,
1338 567 1342 573 Ι

390 599 434 664 Et
456 597 566 664 Jesum
589 596 639 662 dei
660 595 762 660 filium
785 616 851 660 csse
873 592 1055 679 predicavit.

322 915 427 1000 Quod
455 913 599 987 Judcus
626 913 795 1008 portavit
822 913 988 1007 palmam
1017 913 1062 985 ad
1093 912 1297 985 civitatem.

393 1122 504 1188 Petrus
527 1123 590 1188 ait:
616 1122 734 1188 »Eccet
758 1143 842 1186 nunc
864 1121 996 1188 rehabcs
1016 1121 1202 1196 sanitatem

391 1228 480 1314 Ergo
502 1227 578 1293 tolle
601 1228 740 1311 palmam
761 1226 844 1291 hanc
866 1231 898 1291 et
920 1227 1006 1290 iutra
1028 1227 1198 1304 civitatem,

394 1334 438 1398 Et
459 1355 540 1417 ponc
562 1355 657 1416 super
679 1333 797 1398 debiles
819 1332 963 1397 infirmus
986 1336 1018 1397 et
1039 1333 1236 1417 languentes,

316 1459 367 1496 νεεδ
394 1437 498 1516 Gcccs,
523 1443 627 1504 mutos
650 1443 746 1523 atque
768 1440 889 1516 surdos,
913 1443 945 1502 et
967 1459 1110 1522 gressum
1132 1458 1196 1500 uon
1212 1436 1381 1510 habentem
1507 1503 1508 1516 ¹

394 1543 486 1608 Hauc
507 1545 645 1628 palmam
669 1545 723 1629 qui
746 1545 889 1629 tetigerit
911 1549 1049 1608 resumet
1070 1544 1248 1622 sanitatem,

399 1648 436 1714 Iu
460 1647 620 1714 Christum
644 1649 671 1712 si
694 1648 861 1713 crediderit
882 1653 914 1713 et
936 1649 1002 1712 eius
1026 1649 1233 1712 maiestatem.

396 1751 569 1818 Assumens
592 1775 668 1838 crgo
689 1755 828 1837 palmam
850 1754 903 1818 hic
925 1755 1058 1818 intravit
1078 1754 1248 1832 civitatem,

393 1859 567 1943 Multisque
589 1859 731 1924 restituit
753 1883 809 1943 per
830 1859 919 1924 illam
942 1860 1121 1924 sanitatem.

317 1983 368 2019 ⁷³⁹0
394 1963 479 2030 Nam
502 1965 691 2049 quicumque
714 1964 876 2030 Christum
897 1963 1007 2031 Jesum
1030 1965 1155 2029 credere
1177 1963 1314 2040 volebat,

394 2069 438 2134 m
460 2072 486 2133 si
509 2070 647 2154 palmam
671 2071 759 2136 illam
781 2071 877 2136 semel
900 2071 950 2136 rel
973 2071 1084 2136 leviter
1106 2068 1270 2154 tangebat,

394 2172 446 2238 Ab
468 2173 666 2240 iufirimitatc
688 2197 746 2239 sua
767 2197 963 2259 quacumque
986 2175 1163 2252 tenebatur,

323 2259 329 2270 ’
394 2278 455 2344 Pur
477 2279 628 2346 virtutem
650 2281 784 2364 virginis
807 2281 908 2346 Maris
930 2281 1109 2346 curabatur.

292 2596 394 2680 Quod
425 2597 511 2668 albu
538 2596 656 2668 nubes
683 2600 850 2691 protexit
879 2598 1033 2670 archam
1062 2601 1101 2669 ct
1129 2598 1330 2691 apostolos

396 2805 473 2869 Post
494 2805 614 2870 factum
636 2805 696 2869 hcc
719 2808 853 2890 apostoli
875 2808 1036 2872 dominam
1058 2808 1194 2873 Mariam

86 2955 90 2962 .
223 2967 230 2978 ,
318 2929 368 2966 rasa
396 2910 606 2994 Depcrtantcs
629 2901 846 2994 porrexerunt,
870 2935 965 2997 quam
987 2918 1134 2996 ceperant
1158 2937 1215 2998 per
1236 2915 1338 2992 viam3

397 3015 456 3079 Scd
479 3015 552 3078 alba
575 3015 674 3080 nubes
696 3037 790 3098 super
814 3015 941 3080 archam
964 3017 1004 3082 ab
1027 3017 1111 3100 ipsos
1134 3022 1183 3082 cst
1205 3023 1336 3084 extensa

397 3121 464 3196 Qua
487 3122 626 3204 protexit
648 3121 857 3202 ambulantes,
881 3122 938 3186 hec
961 3127 1030 3188 erat
1051 3125 1097 3188 ita
1119 3123 1225 3202 densa,

397 3225 486 3302 Quod
510 3227 617 3290 nullus
638 3227 812 3292 infidelium
836 3229 894 3293 hos
917 3233 1043 3313 poterat
1065 3230 1179 3308 videre,

399 3330 465 3396 Nec
488 3353 644 3398 accessum
667 3333 707 3397 ad
729 3355 785 3398 ecs.
804 3333 875 3418 quis
898 3333 999 3398 valuit
1019 3334 1145 3400 habere.

380 3645 483 3728 Quod
512 3647 670 3740 apostoli
698 3648 925 3741 sepelierunt
953 3672 1087 3743 corpus
1114 3599 1242 3723 Maris.

320 3873 372 3910 μου
399 3852 450 3917 Ad
473 3854 587 3918 vallem
610 3877 686 3940 crgo
709 3854 867 3940 Jcsaphat
888 3879 960 3922 cum
982 3858 1093 3924 funere
1116 3863 1269 3924 venerunt

395 3958 441 4022 Et
463 3960 640 4042 sepulcrum
664 3965 867 4045 preparatum
889 3963 1042 4027 muudum
1064 3965 1263 4040 invenerunt,

397 4061 435 4128 Iu
459 4085 522 4146 quc
545 4087 658 4148 corpus
682 4065 816 4150 virginis
839 4067 941 4132 Maria
963 4059 1137 4152 posuerunt

398 4167 536 4232 Etcum
559 4168 753 4234 aromatibus
775 4171 854 4236 illud
878 4172 1094 4238 condivcrunt.

806 4296 824 4336 a

311 4395 379 4448 7399
398 4392 420 4448 G
440 4394 496 4448 und
515 4394 534 4448 Z
553 4397 666 4464 poterat
685 4399 758 4451 atatt
777 4397 876 4452 valuit.
