3072 4936
687 379 749 446 135

140 557 334 637 bursatores,
358 556 591 640 peraefactores,
616 560 809 620 strenatores
822 557 841 636 ¹,
865 555 1001 640 pictores
1017 559 1203 644 imaginum,
1227 561 1296 643 pic·

140 669 228 728 tores
257 664 459 741 chartarum,
493 663 629 747 pictores
662 664 826 726 domorum
859 663 1017 747 parietum
1046 668 1078 727 et
1100 663 1295 752 tabularum,

143 769 320 852 sculptores
336 769 524 852 imaginum,
541 769 723 833 vitriatores
738 769 806 833 sine
826 768 1063 848 fenestratores,
1080 774 1295 849 tesseratores,

115 883 117 888 '
141 871 414 938 membranatores
431 897 510 958 quos
527 875 695 938 nominant
710 873 800 939 albos
816 876 964 940 oerdones
978 873 1002 955 ²,
1020 897 1132 940 acuum
1148 876 1294 955 faetores,

141 981 313 1057 setatores,
344 977 502 1058 fusifices,
526 979 796 1059 chirothecarii³,
830 979 970 1064 hospitio
1003 979 1122 1046 alienos
1154 980 1296 1065 quotidie

141 1104 201 1164 pro
223 1083 326 1166 pretio
348 1105 406 1147 suo
430 1085 626 1168 recipientes,
651 1089 710 1150 etc.

230 1186 373 1252 Secunda
401 1187 513 1252 zunfta
543 1193 591 1254 est
620 1189 902 1276 negotiatorum⁴,
936 1189 1101 1255 continens
1135 1189 1209 1254 illos
1241 1190 1295 1275 qui

142 1290 229 1356 ferro
250 1295 283 1356 et
305 1291 440 1377 chalybe
461 1296 678 1379 negotiantur,
702 1295 753 1360 rel
776 1316 847 1360 cum
871 1295 937 1360 sale
960 1299 1016 1360 aut
1032 1296 1148 1380 butyro
1170 1299 1202 1360 et
1224 1316 1296 1358 curn

144 1396 219 1460 lana
241 1397 358 1477 ovium,
382 1403 438 1462 aut
460 1397 562 1479 fabil,
587 1405 644 1465 aut
666 1423 738 1465 cum
753 1401 867 1484 pannis
891 1405 923 1465 et
945 1400 1019 1464 talis
1042 1391 1125 1464 modi
1147 1400 1294 1486 negotiis

142 1501 181 1564 de
204 1501 319 1584 quibua
342 1503 475 1588 longum
506 1509 588 1570 esset
617 1505 651 1569 in
674 1505 830 1590 singulari
853 1505 956 1570 dicere
978 1504 1189 1570 differentiam
1211 1505 1296 1570 iuter

141 1606 261 1690 primos
284 1612 317 1672 et
339 1607 421 1672 illos.
467 1607 504 1672 ln
527 1608 588 1673 hac
613 1613 688 1672 sunt
705 1607 864 1694 Greggen,
887 1608 1014 1689 Linsen,
1038 1607 1164 1690 Wurm,
1180 1608 1294 1694 Lupin,

143 1707 277 1790 Falben,
302 1711 475 1798 Giengerl.
499 1718 532 1778 et
554 1714 625 1778 aliae
641 1714 783 1800 insignes
805 1713 944 1778 familiae.
990 1714 1034 1778 nt
1056 1713 1134 1778 olim
1148 1718 1297 1799 poterant

143 1817 310 1882 ascendere
332 1817 365 1881 in
389 1819 558 1883 tertiorum
581 1819 733 1885 ordinem.

230 1921 339 1987 Tertia
362 1925 471 1990 cunita
494 1929 542 1990 est
557 1947 776 1989 mamerorum
787 1923 809 2002 ⁷,
833 1925 929 1989 idest
952 1947 1071 2005 eorum,
1096 1924 1151 2010 qui
1173 1923 1296 1988 iaciunt

144 2047 268 2109 pannos
298 2027 336 2092 de
358 2027 433 2093 lana
464 2030 585 2115 griseos
608 2029 659 2094 rel
691 2031 747 2115 qui
778 2052 849 2094 cnm
875 2031 919 2094 eis
951 2031 1166 2115 negotiantur.
1211 2029 1297 2096 Nam

144 2130 222 2196 olim
254 2139 323 2198 erat
345 2133 457 2200 cunita
489 2135 546 2200 illa
568 2136 789 2220 potentissima
817 2137 851 2200 in
877 2135 987 2214 Ulma,
1020 2136 1139 2201 divitiis
1168 2140 1200 2202 et
1221 2158 1297 2220 sup-

146 2237 260 2320 positis
284 2239 478 2323 praecellens,
502 2242 578 2325 quia
600 2263 691 2326 paene
714 2243 816 2307 omnis
839 2241 1016 2327 negotiatio
1038 2241 1079 2307 ab
1102 2241 1159 2307 illa
1181 2243 1298 2326 depen-

146 2341 252 2407 debat.
287 2344 371 2409 unde
393 2344 613 2431 singularibus
636 2347 813 2432 privilegiis
845 2347 913 2412 haec
943 2347 1053 2412 z'unlta
1082 2346 1148 2412 fuit
1171 2347 1297 2420 dotata;

144 2446 177 2510 in
204 2469 268 2530 qua
290 2448 384 2514 hodie
407 2455 483 2514 sunt
506 2451 605 2535 aliqui
628 2453 738 2538 magui
760 2453 975 2539 negotiatores
999 2457 1031 2518 et
1054 2455 1243 2516 mercatores
1266 2455 1299 2515 et

145 2552 245 2636 aliqui
261 2554 435 2637 pannifices
460 2560 492 2621 et
514 2578 622 2621 omnes
638 2557 807 2641 pileatores
819 2556 841 2638 ⁸,
865 2559 1027 2638 tinctores,
1051 2555 1193 2622 lanifices
1218 2577 1298 2638 qua·

142 2677 268 2742 cunque
300 2659 375 2724 lana
405 2665 572 2745 operantes
584 2661 607 2726 ⁹.
654 2660 691 2725 ln
721 2685 758 2728 ea
787 2661 899 2727 zunfta
929 2668 1006 2727 sunt
1036 2662 1133 2726 etiam
1156 2659 1297 2743 antiquae

143 2764 312 2848 progenies
335 2769 371 2828 ut
394 2763 520 2831 Renzen
544 2771 576 2832 et
600 2767 674 2831 olim
699 2767 930 2848 beschabrand,
953 2767 1115 2833 Lebzelter
1129 2765 1169 2829 ¹⁰.

235 2871 357 2945 Quarta
379 2871 489 2936 zunfta
504 2877 552 2938 est
574 2872 738 2938 labrorum
754 2873 792 2954 ¹¹,
815 2875 848 2938 in
872 2897 936 2960 qua
951 2878 1026 2939 sunt
1041 2871 1205 2950 aurifabri,
1228 2867 1297 2933 suf-

713 2983 730 3020 s

220 3060 234 3114 l
253 3061 455 3116 instrenatores
474 3061 542 3117 Gok.
564 3063 635 3117 Besa.
696 3065 712 3117 2
730 3081 798 3133 quos
817 3063 965 3120 nominant
983 3060 1055 3116 alias
1075 3060 1206 3115 cardones
1224 3058 1298 3112 Bess.

144 3147 215 3202 Gok.
251 3165 319 3217 qnos
344 3149 393 3202 alii
417 3149 566 3204 nominant
593 3149 724 3205 cardones
751 3150 838 3207 Woll.
875 3150 934 3205 albi
958 3149 1089 3204 cardones
1115 3147 1177 3201 sind
1203 3145 1297 3200 Weill-

145 3233 260 3302 gerbsr!
280 3252 301 3288 s.
314 3237 338 3290 9.
352 3236 443 3292 Zunlt.
481 3237 677 3305 Scyrotacarii
690 3237 762 3294 Mon.
776 3240 801 3293 2.
821 3237 919 3293 Schad.
934 3235 1056 3291 Schmid.
1076 3234 1161 3288 Wibl.
1181 3232 1225 3287 Kl.
1247 3233 1296 3286 ΕΙ).

143 3322 340 3377 chirothecarii
359 3323 443 3378 Woll.
462 3323 531 3379 Golr.
559 3325 632 3381 Besa.
722 3329 738 3378 l
764 3325 913 3380 Kanffleut
939 3323 1007 3379 Golr.
1034 3323 1105 3378 Besa.
1132 3338 1179 3376 am
1201 3319 1297 3374 rande.

144 3413 160 3462 5
180 3409 275 3466 ouium
300 3412 351 3464 aut
368 3409 428 3465 fabi
454 3409 490 3480 (ἲ)
515 3411 588 3466 Mon.
606 3413 632 3465 2.
651 3409 750 3466 Schad.
769 3411 813 3464 Kl.
833 3410 901 3466 Golr.
923 3411 993 3464 Besa.
1047 3411 1098 3463 aut
1120 3405 1195 3462 fabri
1212 3405 1298 3462 Woll.

147 3499 243 3554 ouium
262 3501 313 3552 aut
331 3515 393 3552 oum
412 3500 514 3569 pannis
533 3497 654 3552 Schmid.
674 3499 760 3553 Wibl.
832 3497 977 3567 6Gregen
997 3497 1069 3552 Mon.
1087 3498 1111 3550 2.
1149 3494 1298 3549 Linsswrm

146 3585 221 3642 Mon.
242 3585 265 3640 1.
303 3583 471 3640 Lin'sswurm
490 3585 663 3642 W011.G0k.
684 3585 756 3640 Besa.
794 3585 925 3651 Linssen,
952 3603 1034 3638 vurm
1059 3582 1159 3638 Schad.
1196 3582 1299 3636 binnan

144 3691 234 3729 vuern
254 3671 374 3728 Schmid.
396 3673 438 3727 Kl.
478 3673 584 3738 Linsen,
604 3673 711 3728 darauf
726 3673 791 3728 eina
808 3673 889 3728 ldolre
907 3689 957 3728 vor
975 3671 1067 3742 Lupin
1087 3671 1172 3727 Wibl.
1227 3669 1298 3739 Lupi

146 3763 220 3817 Mon.
240 3761 265 3814 2.
302 3761 384 3831 Lnspi
405 3762 487 3818 Woll.
525 3761 621 3831 Lupen
639 3761 708 3817 oon.
730 3761 802 3816 Besa.
858 3761 966 3816 Kolben
989 3761 1072 3816 Woll.
1145 3759 1298 3815 llroderer

146 3851 237 3905 linter
256 3849 359 3904 rather
377 3848 567 3905 Tuebmachcr
584 3848 653 3905 eol.
674 3851 703 3903 et
721 3848 794 3904 Besa.
814 3866 860 3902 am
875 3847 970 3903 rande
1008 3847 1182 3918 8piliatores
1195 3846 1295 3901 Schad.

146 3937 230 3994 Woll.
251 3936 371 3992 Schmid.
391 3937 477 3993 Wibl.
498 3937 571 3992 Boas.
591 3936 637 3990 Kl.
703 3935 720 3990 9
739 3952 903 4006 quacunque
924 3937 992 3989 lana
1009 3938 1158 4006 operantes
1177 3933 1299 3990 Schmid.

144 4043 341 4096 quamcunque
358 4025 455 4080 lanam
474 4027 621 4094 operantes
639 4023 725 4078 Wibl.
741 4023 899 4094 quicunqne
916 4023 999 4078 Woll.
1039 4024 1070 4077 10
1085 4020 1298 4078 beschenbrand
1374 4078 1378 4088 ,

145 4113 248 4168 Schad.
259 4113 379 4169 Schmid.
390 4114 476 4169 Woll.
493 4113 534 4169 lil.
565 4112 794 4167 Lesohenbrandt
808 4111 893 4166 Wibl.
921 4109 1137 4165 Ldechenbrand
1148 4109 1217 4166 Golr.
1227 4109 1299 4163 Besa.

148 4204 176 4255 ll
207 4201 422 4266 Sclrmidaunfft3
451 4201 537 4258 Gold-
567 4199 644 4254 Huff-
673 4197 780 4254 Melior·
808 4197 932 4252 Waffen·
961 4197 1094 4268 Kupffer·
1126 4195 1300 4258 Rotsclrmid,

144 4289 287 4355 Schlosser,
305 4289 432 4354 Platner,
451 4291 577 4353 Maurer,
596 4287 818 4357 Goldsclrlagor‚
838 4285 947 4340 Kelller.
984 4285 1052 4342 (lolr.
1077 4283 1135 4340 und
1162 4284 1231 4338 Besa.
1251 4300 1298 4336 am

145 4377 244 4433 rande.
281 4377 359 4432 Danu
371 4377 502 4433 kommen
516 4377 585 4433 noch
599 4376 644 4431 dis
656 4373 916 4439 Hamischmaeher,
926 4370 1300 4444 Schleifer,Sporer,Hafner

144 4465 183 4537 (l)
203 4464 261 4520 und
280 4465 458 4521 Daohdeolrsr
476 4465 516 4519 im
535 4464 631 4520 Texta.

1051 4549 1092 4605 qe
