3034 4922
779 307 842 376 218

314 506 366 544 ero
394 485 461 553 Sibi
485 487 614 562 dantes3
639 509 713 551 nam
736 487 767 550 in
792 509 850 550 sua
872 506 1006 569 persona
1028 485 1179 551 deitatem

393 592 598 658 Communem
621 592 823 657 decoraverat
844 613 900 675 per
919 589 1160 672 humanitatem,

392 697 437 762 Et
457 699 491 762 in
513 699 642 763 dextera
663 698 713 763 dei
736 698 835 782 patris
859 700 906 762 est
928 697 1024 782 digne
1045 697 1224 778 collocatus,

393 803 424 867 A
446 825 509 888 quo
532 825 589 868 nec
611 825 752 889 unquam
773 807 867 869 autea
889 801 952 867 fuit
973 805 1146 890 separatus.

238 1121 342 1207 Quod
358 1123 456 1196 filius
471 1126 620 1218 rogavit
633 1126 806 1221 spiritum
822 1129 994 1198 sanctum
1016 1125 1119 1198 mitti
1132 1126 1169 1196 iu
1185 1125 1381 1198 mundum.

394 1333 478 1399 Hinc
500 1333 593 1400 Jcsus
616 1339 738 1420 patrem
761 1335 943 1420 interpellat
964 1336 1029 1401 suis
1052 1355 1110 1419 pro
1133 1331 1256 1398 dilectis

317 1457 369 1496 ⁶⁴⁴⁶
395 1439 576 1525 Discipulis‚
600 1445 633 1506 et
654 1441 809 1506 universis
831 1439 976 1506 fidelibus
999 1441 1117 1519 electis,

395 1543 536 1630 Rogans,
559 1549 703 1611 sanctum
726 1545 874 1630 spiritum
896 1569 954 1630 pro
976 1545 1190 1612 consolatione
1231 1589 1237 1600 ·

395 1648 476 1734 Ipsis
498 1651 594 1731 mitti,
617 1673 738 1717 necnon
762 1673 834 1717 vere
857 1673 915 1735 pro
937 1651 1009 1717 fidei
1033 1651 1167 1716 doctore.
1263 1647 1268 1660 '

395 1752 529 1820 Sanctus
552 1777 628 1842 ergo
650 1757 780 1842 spiritus
802 1757 972 1842 procedens
994 1757 1035 1822 ab
1058 1759 1192 1840 utroque

396 1857 433 1926 In
457 1860 542 1929 hunc
564 1861 716 1930 muudum
738 1863 879 1930 mittitur
901 1883 920 1928 a
941 1865 1032 1948 patre
1053 1861 1191 1948 filioque.

517 2181 572 2255 De
598 2181 766 2255 adventu
793 2179 947 2275 spiritus
975 2179 1109 2254 sancti.

318 2407 370 2447 cuo
397 2389 475 2454 (lum
499 2393 604 2454 autem
627 2391 692 2456 dies
715 2389 915 2455 Pentecostes
938 2388 1068 2476 exlege
1090 2389 1333 2473 complerentur,

397 2493 533 2560 Orantes
554 2495 588 2560 in
611 2497 759 2561 cenaculo
781 2495 948 2580 cunctique
970 2498 1178 2574 morerentur,

397 2597 555 2664 Maximus
578 2600 616 2666 de
637 2601 703 2666 celo
725 2623 821 2666 sonus
843 2601 946 2665 factus
969 2603 1017 2664 est
1039 2603 1176 2684 repente,

397 2701 497 2787 Super
519 2706 647 2770 domum
669 2707 783 2790 spiritu
806 2709 916 2770 sancto
939 2705 1092 2784 veniente,

396 2807 494 2874 Venit
516 2810 600 2874 enim
622 2811 753 2895 spiritus
775 2833 846 2876 cum
869 2832 947 2876 sono
969 2810 1164 2891 vehemente,

320 2933 371 2971 σιω
397 2913 515 2980 Totum
538 2917 597 2981 hoc
619 2916 802 2983 cenaculum
824 2917 928 3003 gloria
950 2915 1100 3001 replente,

396 3019 441 3084 Et
463 3021 544 3087 sedit
565 3046 662 3108 supra
683 3023 826 3109 singulos
848 3023 960 3108 lingua
982 3027 1135 3108 tanquam
1157 3021 1260 3108 ignis;

398 3125 532 3193 Sanctus
555 3130 639 3194 enim
661 3129 793 3214 spiritus
816 3129 964 3214 apparuit
986 3129 1037 3193 his
1060 3125 1170 3212 signis.

398 3231 514 3298 Missus
538 3255 615 3319 ergo
637 3233 767 3318 spiritus
788 3255 918 3298 munere
940 3233 1048 3298 divino

399 3337 568 3402 Descendit
589 3361 683 3424 super
705 3339 833 3404 domum
855 3339 947 3418 hauc,
971 3359 1048 3403 sono
1071 3337 1245 3423 repentino,

321 3461 372 3502 ⁶⁴⁸0
398 3441 436 3508 In
458 3465 521 3528 qua
543 3446 649 3510 cuncti
671 3443 851 3510 residebant
873 3445 906 3508 in
929 3443 1082 3522 oratione,

398 3548 443 3614 Et
464 3549 597 3634 replerit
618 3553 720 3614 totam
743 3549 870 3613 domum
893 3547 1126 3625 comssatione3

401 3655 506 3738 Atque
528 3677 622 3738 super
643 3653 786 3741 singulos
808 3653 842 3718 in
865 3653 968 3740 igneis
991 3651 1106 3718 resedit

398 3759 541 3843 Linguis,
564 3765 659 3844 atque
681 3759 819 3845 gretiam
841 3781 931 3824 suam
953 3759 1017 3823 illis
1040 3757 1135 3823 dedit.

398 3860 476 3927 lude
499 3863 626 3928 domum
650 3863 738 3928 illam
762 3885 871 3928 omnes
893 3863 1136 3950 egrediebantur

322 3989 374 4028 σιω
400 3970 508 4056 Atque
530 3971 648 4056 linguis
671 3971 767 4036 variis
790 3971 895 4036 cuncti
918 3970 1139 4055 loquebantur,

400 4073 463 4140 Pro
485 4079 522 4140 ut
543 4081 670 4141 sanctus
692 4077 822 4160 spiritus
844 4075 908 4140 illis
930 4073 1018 4168 loqui
1040 4074 1147 4153 dabat,

398 4179 477 4268 Igne
500 4183 548 4246 sui
571 4182 708 4248 flaminis
732 4184 787 4268 qui
809 4185 937 4247 cunctos
958 4177 1187 4245 inflammabat.

400 4287 450 4352 Ex
471 4286 532 4352 hac
554 4308 629 4353 voce
651 4287 817 4373 repentina
839 4284 1059 4350 contremescit
1080 4287 1149 4348 tote

400 4391 519 4458 Civitas
541 4389 727 4472 Jerusalem,
750 4395 940 4478 stuporeque
962 4393 1134 4468 commote3
