3080 4938
711 394 751 464 67

155 565 201 636 Et
224 567 371 636 Salomon
396 574 527 657 propter
550 561 738 657 sapientiam
762 575 782 639 3
806 573 885 662 neg.
910 576 940 640 3.
986 573 1030 640 Et
1044 573 1162 662 Jephte
1177 583 1307 664 propter

116 669 120 674 ⁵
153 677 381 762 experientiam
405 676 508 743 Judic.
536 678 586 742 ll.
633 679 676 744 Ilt
699 678 824 745 Tullius
848 684 978 765 propter
993 680 1207 766 eloquentiam
1230 705 1306 748 con-

152 781 205 846 sul
227 786 351 848 creatus
374 783 447 848 fuit.
492 781 543 848 Ita
565 787 598 848 et
619 783 725 850 Ulmae
747 786 933 872 contingere
956 791 1069 870 potest.

242 887 340 954 Sexta
362 888 541 953 differentia
564 892 630 968 est,
666 891 741 974 quia
763 890 892 975 quidam
922 891 961 955 ad
983 891 1081 956 istum
1109 892 1252 958 ordinem
1274 893 1306 957 vi

152 994 364 1058 intruduntur
387 994 428 1058 ab
450 995 651 1078 imperatore.
696 994 782 1060 Nam
814 995 889 1060 dum
912 996 1011 1082 aliqui
1043 995 1121 1061 alibi
1142 996 1248 1061 minus
1273 998 1305 1060 in

152 1099 274 1164 honore
296 1099 395 1178 tenti,
419 1100 505 1184 grati
528 1105 560 1164 et
584 1101 651 1164 noti
675 1099 860 1185 imperatori
884 1101 1077 1182 existerent,
1099 1101 1239 1186 gratiam
1262 1103 1306 1167 eis

152 1203 297 1269 conferre
321 1203 428 1270 volens
451 1225 504 1269 eos
527 1204 645 1271 litteris
667 1206 751 1271 cives
779 1207 868 1272 tertii
891 1207 1011 1272 ordinis
1042 1206 1074 1270 in
1099 1205 1196 1272 Ulma
1217 1206 1306 1288 facit,

154 1308 258 1374 sciens
274 1329 328 1374 eos
343 1331 399 1393 per
414 1309 474 1375 hoc
490 1332 554 1374 non
570 1312 728 1376 modicum
744 1311 923 1397 dignificeri
940 1317 972 1377 et
986 1310 1162 1376 nobilitari.
1195 1311 1306 1378 Tantae

152 1415 239 1480 enim
261 1415 480 1480 aestimationis
496 1420 545 1482 est
560 1417 711 1501 oppidum
732 1417 873 1483 ulmenae
897 1421 929 1483 et
951 1417 1015 1482 fuit
1037 1417 1199 1506 hucusque
1223 1419 1306 1502 apud

151 1521 372 1605 imperatores,
397 1526 432 1587 ut
447 1521 532 1586 inter
555 1523 676 1587 nobiles
691 1522 818 1608 imperii
834 1524 927 1588 uillas
948 1527 1186 1607 computaretur
1209 1527 1241 1588 et
1255 1523 1306 1587 in·

152 1627 232 1690 eolae
262 1627 329 1691 eius
361 1649 399 1691 ex
421 1649 458 1692 eo
485 1628 622 1714 quodam
645 1629 738 1693 modo
760 1629 1025 1706 nobilitarentur3
1058 1633 1153 1712 prout
1186 1627 1306 1712 legitur

152 1733 175 1794 2
191 1731 439 1798 Machabeorum
462 1733 518 1814 9¹,
542 1736 625 1820 quod
642 1735 831 1820 permissum
853 1736 916 1801 fuit
937 1735 1012 1816 illis,
1036 1734 1197 1819 quierant
1213 1734 1306 1800 Jero·

152 1837 306 1920 solymis,
331 1839 468 1923 aequales
491 1840 559 1906 fieri
591 1863 648 1925 per
669 1841 839 1926 privilegia
870 1842 955 1927 regis
979 1839 1244 1921 Atheniensibus,
1275 1846 1308 1906 et

153 1945 175 2008 2
200 1941 447 2009 Machabeorum
481 1944 528 2010 4¹
558 1947 765 2030 impetratum
796 1946 860 2012 fuit
892 1951 928 2011 ut
957 1944 1060 2012 Judaei
1092 1944 1306 2009 scriberentur

153 2047 360 2114 Antiocheni.
407 2048 480 2116 Una
502 2051 586 2116 enim
609 2051 722 2117 civitas
744 2052 883 2118 nobilior
905 2056 954 2118 est
976 2051 1085 2131 altera,
1110 2051 1160 2115 vel
1183 2050 1247 2115 situ
1270 2055 1307 2114 ut

154 2175 235 2238 quae·
251 2153 461 2240 propinquior
483 2160 531 2221 est
545 2156 672 2236 orienti,
695 2157 746 2222 vel
762 2157 965 2241 antiquitate,
989 2160 1026 2220 ut
1049 2154 1190 2236 Treveri,
1214 2154 1306 2220 Solo·

152 2260 279 2338 durum,
303 2258 498 2346 Thuregum,
522 2260 573 2327 vel
592 2261 772 2342 sanctitate,
795 2266 832 2326 ut
851 2259 1060 2347 lerosolyma,
1085 2259 1226 2326 (lolonia.
1252 2260 1304 2326 Sic

152 2363 254 2431 Ulma
276 2389 314 2430 ex
337 2367 454 2432 civium
477 2368 682 2453 antiquorum
705 2368 873 2453 prudentia
896 2370 928 2431 et
943 2367 1137 2431 incremento
1153 2367 1305 2452 potentiae

152 2470 273 2535 nobilis
296 2475 328 2536 et
349 2472 485 2558 insignis
508 2477 692 2558 computata
715 2477 774 2551 est,
799 2472 875 2558 quia
897 2472 1067 2536 comitatus
1090 2471 1305 2536 nobilissimos

153 2580 188 2642 et
210 2575 359 2642 baronias
381 2577 440 2642 sub
464 2599 497 2643 se
520 2577 627 2659 habet,
650 2579 733 2644 unde
756 2579 875 2665 legitur
897 2581 929 2642 et
951 2581 1082 2642 notatur
1097 2578 1131 2642 in
1147 2599 1214 2661 cap.
1239 2580 1326 2679 sta,

152 2685 262 2746 tutum
286 2681 323 2747 de
345 2683 506 2768 rescriptis
529 2682 601 2747 libr.
620 2683 649 2763 6,
673 2684 729 2748 ubi
744 2685 835 2770 copia
851 2683 1024 2769 peritorum
1041 2683 1079 2747 de
1098 2683 1223 2768 privato
1240 2704 1304 2746 non

152 2786 301 2850 sollemni
324 2787 481 2874 insignem
504 2787 583 2852 iacit
606 2789 719 2854 locum.
759 2789 828 2854 Nec
851 2793 899 2853 est
921 2787 1050 2854 simile³
1074 2788 1113 2853 de
1135 2787 1306 2852 sanctitate

153 2892 248 2958 etde
271 2893 449 2972 nobilitate,
473 2893 592 2979 legitur
615 2895 700 2960 enim
723 2901 756 2961 et
777 2900 909 2960 notatur
935 2897 974 2960 13
1005 2918 1056 2980 qu.
1088 2896 1108 2958 2
1137 2895 1171 2958 in
1195 2894 1305 2959 Eccle-

152 2997 282 3062 siastico
315 2999 402 3063 onrni
426 2998 538 3064 animae
554 2998 582 3077 ⁴,
613 3001 697 3084 quod
729 3001 816 3066 locus
847 3023 911 3065 non
934 2999 1111 3064 sanctificat
1134 2997 1305 3080 hominem,

152 3103 209 3168 sed
233 3103 328 3167 homo
352 3103 471 3182 locum;
495 3105 577 3168 sicut
600 3105 688 3170 locus
710 3105 749 3170 fit
772 3105 938 3190 religiosus
962 3105 996 3168 in
1019 3126 1082 3188 quo
1103 3101 1305 3170 Christianus

152 3213 204 3274 est
225 3207 378 3292 sepultus,
402 3213 439 3274 ut
462 3213 593 3274 notatur
615 3209 648 3274 in
672 3211 702 3275 d.
726 3233 752 3276 c.
776 3211 810 3274 in
834 3209 1065 3276 Ecclesiastico.
1111 3209 1196 3273 Deus
1220 3211 1305 3274 enim

152 3314 241 3380 solus
264 3313 478 3379 sanctificator
501 3319 558 3394 est,
582 3319 614 3379 et
635 3315 706 3382 ideo
728 3317 797 3382 loca
820 3339 876 3401 per
898 3321 1024 3380 sanctos
1054 3315 1304 3380 sanctificantur.

153 3419 217 3486 Sed
233 3421 406 3506 imperator
421 3421 491 3486 loca
506 3421 666 3502 nobilitat,
685 3445 703 3487 a
719 3424 834 3508 quibus
846 3421 1063 3486 inhabitantes
1081 3420 1303 3486 nobilitantur.

152 3525 225 3591 ideo
249 3530 285 3591 ut
307 3525 389 3605 dixi,
418 3525 493 3590 dum
523 3526 617 3591 alicui
645 3527 860 3591 abundantem
882 3525 1019 3618 gratiani
1043 3529 1194 3608 praestare
1225 3525 1303 3604 vult,

153 3636 192 3697 ut
215 3633 310 3698 ducat
332 3637 452 3698 statum
474 3630 608 3712 nobilis,
632 3631 804 3698 faciteam
835 3631 936 3695 civem
960 3630 1151 3708 ulmensem,
1184 3630 1303 3694 socium

155 3737 314 3802 nobilium
336 3737 551 3818 constituens,
584 3759 648 3802 non
681 3738 829 3802 obstante
854 3737 936 3820 quod
960 3735 1028 3820 ipse
1050 3736 1092 3800 sit
1114 3735 1232 3799 infimae
1255 3736 1304 3800 la·

155 3843 264 3908 miliae.
289 3847 394 3928 potest
417 3843 501 3908 enim
524 3843 696 3927 imperator
722 3843 761 3907 de
784 3841 901 3906 rustico
922 3861 1028 3906 creare
1050 3839 1189 3905 nobilem
1213 3844 1245 3904 et
1267 3841 1305 3906 de

154 3947 257 4012 nobili
279 3946 382 4014 facere
412 3946 601 4012 nobiliorem
631 3953 663 4013 et
696 3949 734 4014 de
756 3947 879 4032 plebeio
910 3945 1120 4010 clarissimum
1152 3945 1201 4030 (ut
1231 3967 1305 4029 pro·

721 4057 738 4097 „,
1181 4067 1183 4074 .

229 4137 241 4189 l
263 4137 384 4192 Maccab.
404 4139 420 4190 9
439 4137 496 4209 [15]
516 4135 585 4194 ook.
607 4139 678 4194 Besa.
715 4137 767 4193 Die
785 4139 866 4193 stelle
885 4138 923 4191 ist
941 4139 957 4190 2
976 4137 1060 4192 Maec.
1080 4139 1106 4202 2,
1122 4138 1161 4194 15.
1215 4139 1304 4191 2Ma·

153 4226 263 4282 chabl
287 4226 359 4282 tlon.
380 4229 412 4290 ‘23
440 4225 564 4296 gemeint
592 4227 629 4281 ist
656 4227 732 4284 wohl
749 4228 766 4280 2
786 4225 869 4278 Mace.
889 4227 913 4286 4,
935 4227 960 4280 9.
1048 4225 1064 4276 3
1093 4241 1144 4278 neo
1161 4226 1204 4278 est
1223 4224 1304 4279 silere

111 4363 119 4374 ,
155 4313 241 4367 Wibl.
331 4315 400 4367 413
418 4331 444 4383 q.
464 4315 480 4368 2
497 4314 528 4368 in
548 4333 607 4386 cap.
634 4314 821 4372 ecclesiastica
846 4313 936 4369 omnis
959 4315 1054 4368 anima
1081 4313 1165 4368 Wibl.
1185 4313 1303 4368 Schmid.

159 4401 189 4456 13
207 4420 234 4471 q.
253 4401 270 4454 2
289 4401 319 4454 in
338 4401 526 4458 ecclesiastica
545 4403 622 4460 omni
640 4404 737 4461 anima
754 4402 854 4458 Schad.
875 4401 918 4456 Kl.
991 4403 1023 4457 13
1041 4419 1067 4470 q.
1086 4401 1103 4454 2
1121 4399 1152 4454 ἱιι
1171 4399 1303 4456 Ecclesia·

153 4488 226 4544 atico
243 4487 299 4558 [ll]
320 4490 390 4544 ltem
410 4489 518 4546 Animae
538 4493 594 4564 [22]
614 4491 690 4550 Goclr
708 4493 780 4550 Besa
