3014 4926
684 320 746 386 103

215 513 271 552 2⁸⁶⁰
298 493 357 561 Sed
380 515 452 560 cum
475 495 571 560 miser
593 495 647 560 ille
668 517 760 560 suum
784 495 894 580 pedem
916 496 1062 576 elevaret,

296 599 341 666 Ut
363 600 470 666 avitam
492 599 551 666 bas
574 600 729 666 formulas
751 605 881 666 cunctas
904 604 1110 683 conculcaret,

296 705 376 772 Puer
399 704 493 771 Jesus
515 728 627 771 sonum
647 706 734 771 dedit
755 729 868 772 manue
891 709 1126 793 compulsando‚

295 809 383 877 Sicut
404 812 540 898 effugari
562 813 666 878 solent
688 835 759 877 aves
782 812 963 897 aliquande.

295 917 344 982 Ad
366 915 451 982 hunc
473 939 585 982 sonum
608 918 663 982 ille
685 917 785 983 forme
807 920 913 983 vivere
934 923 1096 1003 ceperunt,

213 1041 268 1080 wer
295 1023 338 1089 Et
359 1024 392 1088 in
416 1045 488 1089 aves
510 1025 723 1088 transmutato
744 1045 819 1088 mox
842 1024 1067 1103 evolaverunt3

297 1125 385 1194 Sicut
406 1129 533 1194 evolare
557 1129 662 1194 solent
684 1151 764 1194 aves·
779 1151 852 1194 cum
873 1129 1039 1216 fugantur,

293 1232 344 1298 Sic
365 1235 503 1300 eitensia
524 1233 584 1300 alis
607 1235 673 1298 suis
695 1235 728 1298 in
752 1235 855 1300 altum
878 1235 1072 1316 ferebantur,

294 1335 353 1404 Sed
376 1361 448 1404 enm
470 1338 530 1404 hoc
553 1339 592 1404 ad
617 1339 759 1405 homines
781 1339 868 1404 fama
888 1340 1075 1422 devenisset,

292 1441 426 1509 Factum
448 1447 515 1508 tam
537 1443 684 1509 mirabile
706 1443 799 1510 Jesus
823 1445 907 1530 quod
928 1444 1063 1526 fecisset,

211 1569 267 1606 2⁹⁶0
293 1547 453 1614 Dixerunt
474 1549 621 1634 quidam:
645 1571 724 1635 puer
747 1551 800 1615 hic
821 1549 906 1615 filius
930 1554 980 1615 est
1002 1550 1053 1615 dei

291 1653 351 1720 Vel
374 1655 501 1720 deitatis
525 1654 644 1739 aliquid
669 1677 785 1721 numen
808 1657 892 1721 inest
914 1657 953 1722 ei.

294 1759 429 1836 Quidam
451 1764 579 1826 anum:
602 1781 714 1847 magus
736 1760 789 1826 hic
811 1765 860 1826 est
882 1766 914 1827 et
935 1762 1117 1830 incantator

293 1864 338 1932 Et
358 1865 528 1932 demonum
550 1865 696 1950 prestigii
719 1887 812 1930 verus
834 1867 1013 1953 indagator.

354 2181 458 2268 Quod
485 2185 610 2258 leones
638 2183 893 2258 adoraverunt
919 2184 1062 2259 Jesnm.

292 2391 460 2458 Desertum
482 2391 640 2476 quoddam
663 2412 702 2456 ex
724 2391 828 2456 vicino
851 2413 870 2456 a
891 2389 1053 2458 Nazareth
1076 2393 1225 2475 distabat,

213 2519 266 2557 esee
292 2497 328 2564 ln
353 2519 416 2583 qno
438 2519 556 2584 magno
579 2495 752 2562 multitudo
774 2497 901 2562 leonum
924 2497 1102 2580 habitabat,

291 2603 351 2679 Qui
374 2601 493 2668 vicinas
515 2601 662 2686 regiones
685 2602 824 2687 undique
847 2603 1027 2681 vastabant,

289 2709 368 2775 (lum
393 2708 542 2774 iumentis
564 2707 708 2773 homines
730 2711 877 2773 vorantes
898 2707 1092 2774 lacerabant.

290 2815 350 2881 Die
372 2813 509 2900 quedam
531 2833 666 2898 magnus
688 2812 738 2878 leo
762 2813 849 2878 venit
871 2835 969 2898 prope
991 2814 1101 2879 villam

290 2919 462 2999 Nazareth,
485 2923 516 2982 et
537 2918 682 2984 homines
704 2917 919 2984 inhabitantes
942 2919 1042 3000 illem,

212 3045 263 3082 aro
289 3025 368 3091 (lum
390 3025 537 3090 viderunt
558 3023 644 3088 hunc
666 3023 798 3102 leonem,
822 3025 958 3090 multum
980 3026 1165 3105 timuerunt,

290 3129 392 3196 Simul
414 3153 486 3196 cum
507 3129 657 3195 iumentis
679 3129 745 3194 snis
768 3130 807 3194 ad
829 3129 968 3195 latebras
990 3128 1154 3216 fugeruut,

291 3237 373 3303 Puer
394 3235 487 3302 Jesus
510 3236 548 3300 de
569 3234 707 3301 Castello
729 3235 815 3300 solus
838 3241 887 3300 est
908 3257 1052 3320 egressus

290 3343 334 3408 Et
355 3341 437 3407 nihil
460 3345 509 3406 eet
530 3341 674 3406 molestie
697 3340 736 3405 de
759 3339 861 3405 bestia
883 3359 1058 3424 perpessus.

290 3447 350 3513 Sed
373 3447 425 3512 hic
448 3469 526 3532 puer
548 3445 588 3510 ad
609 3445 733 3510 leonem
754 3465 827 3509 oum
849 3445 1127 3531 appropinquavit,

213 3571 264 3611 me
289 3552 398 3638 Ipsum
420 3552 470 3618 leo
492 3572 597 3638 genua
619 3550 748 3616 flectens
771 3549 930 3628 edoravit;

290 3657 494 3743 Quocumque
516 3679 594 3742 puer
618 3655 804 3722 ambulabat
825 3657 874 3722 leo
897 3656 1097 3740 sequebatur,
1140 3647 1146 3662 ’

289 3763 490 3851 bingensque
511 3761 649 3847 vestigia
671 3761 921 3827 deosculabatur.

290 3869 350 3936 Sed
371 3867 472 3933 leonis
494 3867 532 3932 ad
556 3867 740 3951 speluncam
762 3867 881 3951 pariter
904 3867 1041 3945 iverunt,

291 3973 338 4039 lbi
361 3973 479 4039 multos
503 3973 668 4038 latitantes
688 3972 794 4037 leones
815 3972 1016 4050 invenerunt,

212 4097 264 4135 ²⁹0⁰
290 4077 385 4146 Senes
407 4083 503 4164 atque
526 4078 665 4155 iuvenes,
689 4079 745 4163 qni
768 4077 862 4144 simul
887 4081 1100 4156 occurrerunt,

290 4183 455 4271 Tanquam
477 4205 569 4249 suum
592 4183 756 4248 dominum
778 4181 888 4250 Jesum
911 4185 1123 4266 susceperunt.

293 4291 375 4356 Ante
396 4289 489 4374 pedes
511 4289 601 4374 pueri
625 4289 731 4355 leones
754 4292 943 4354 corruerunt

293 4395 477 4476 Adorantes‚
499 4395 593 4460 deum
616 4417 707 4460 suum
730 4395 816 4460 hunc
838 4415 905 4460 esse
928 4396 1155 4479 cognoverunt.
