3060 4936
693 358 757 426 203

147 537 197 600 est
219 533 290 599 sita.
336 531 411 599 Una
442 557 500 598 arx
529 533 645 599 dieitur
673 533 808 621 Rugga,
839 537 874 601 in
905 537 1035 621 scopulo
1068 559 1162 622 super
1192 527 1303 625 rupem

147 639 304 706 edificata
326 639 359 704 in
383 661 499 718 cornu,
532 640 615 725 qnod
647 640 762 707 dividit
793 646 962 727 utramque
992 642 1108 708 vallem
1133 644 1238 710 Blenii
1272 649 1304 710 et

147 745 229 812 Aob.
254 745 287 809 iu
310 746 374 810 ista
397 767 467 811 arce
490 747 651 831 quondam
665 746 789 812 nobiles
812 747 942 812 comites
965 747 1003 812 de
1020 746 1138 833 Rugga
1161 750 1302 816 residen-

147 851 226 918 tiam
244 851 416 930 habebant,
441 873 510 936 quae
526 853 692 938 progenies
715 851 833 916 dudum
850 852 973 918 defecit.
1021 851 1095 918 Alia
1110 876 1168 918 arx
1183 855 1300 921 dieitur

149 955 334 1035 Gerhusen,
373 977 443 1041 quae
466 956 605 1021 mirabili
628 957 699 1042 rupi
724 961 772 1022 est
794 957 1044 1042 superaedificata
1066 963 1098 1024 et
1120 959 1185 1024 alte
1207 983 1302 1045 super

147 1063 408 1147 abruptissimam
424 1065 558 1147 petram.
597 1060 663 1128 Sub
678 1063 748 1147 ipsa
764 1067 855 1147 petra
870 1067 946 1127 sunt
961 1085 1104 1129 cavernae
1119 1063 1300 1146 horribiles,

147 1168 332 1233 habitacula
363 1171 439 1251 apta
462 1165 562 1232 Musis
593 1171 626 1232 et
654 1167 832 1252 Nymphis,
865 1172 897 1233 et
927 1169 1078 1234 aestimari
1107 1173 1213 1253 potest
1241 1171 1302 1238 hoo
1314 1171 1399 1252 &¹32

148 1294 263 1339 nomen
279 1271 442 1338 Gerhnsen
466 1295 485 1337 a
502 1271 584 1338 Gens
600 1271 752 1358 Nympha
767 1279 940 1359 sumptum,
964 1275 1055 1360 quasi
1071 1275 1182 1340 domus
1199 1274 1298 1341 Gerae.

147 1379 269 1444 Deinde
279 1381 390 1444 eontra
402 1377 531 1444 Ulmum
545 1379 759 1444 descendendo
772 1380 898 1445 venitur
908 1381 942 1444 in
953 1380 1057 1446 locum
1070 1381 1126 1446 ubi
1139 1379 1277 1467 Nydegg
1288 1379 1300 1418 ¹

148 1485 299 1551 eminenti
322 1487 420 1568 petrae
436 1483 591 1564 imminet,
615 1485 775 1569 quondam
800 1506 903 1550 arcem
920 1487 1095 1564 continens,
1118 1508 1203 1551 nuno
1225 1509 1300 1553 vero

147 1590 250 1656 saneti
263 1589 388 1655 Nicolai
404 1589 568 1674 capellam.
593 1588 714 1654 Deinde
727 1594 776 1654 est
790 1595 931 1656 castrum
940 1589 1075 1677 Arnegg
1091 1590 1298 1672 destructum,

147 1701 180 1762 et
194 1695 383 1780 Herlingen‚
407 1698 440 1760 et
454 1697 565 1779 postea
581 1693 817 1780 Klingsnstein‚
841 1718 911 1781 quae
928 1701 976 1761 est
999 1719 1056 1761 arx
1072 1697 1176 1762 fortis.
1223 1697 1301 1763 Post

146 1800 231 1866 hano
254 1821 358 1865 arcem
381 1807 430 1868 est
445 1799 606 1885 Sefiingen
631 1801 860 1866 monasterium
874 1802 1041 1888 egregium
1063 1806 1180 1867 sanotae
1199 1801 1300 1868 Clarae

147 1907 232 1992 quod
256 1905 395 1971 ereditur
411 1906 537 1970 vivente
560 1911 671 1970 sanato
693 1909 784 1989 patre
801 1904 968 1970 Francisoo
991 1906 1090 1970 fuisse
1113 1904 1299 1972 inchoatum

147 2013 252 2098 primo
274 2011 308 2076 in
331 2009 429 2076 Ulma
451 2010 580 2076 civitate
602 2009 636 2075 in
661 2031 772 2088 arena,
795 2009 852 2074 ubi
875 2009 978 2074 adhuc
1000 2013 1048 2075 est
1070 2009 1157 2076 locus
1180 2011 1213 2075 in
1237 2033 1300 2096 quo

146 2117 256 2197 stetit,
280 2120 312 2182 et
334 2116 521 2182 dicebantur
543 2137 666 2182 sorores
689 2115 721 2179 in
746 2137 859 2196 mena,
883 2115 1097 2200 quibusdum
1121 2139 1139 2180 a
1163 2117 1300 2202 quadam

146 2223 244 2289 vidua
266 2221 383 2288 collata
406 2227 487 2286 esset
511 2221 589 2286 villa
611 2220 772 2306 Sellingen
795 2225 828 2285 et
850 2221 1005 2306 possessio
1029 2219 1169 2302 Strbel,
1193 2227 1300 2288 trans·

146 2328 293 2394 tulerunt
313 2327 541 2392 monasterium
574 2331 665 2392 extra
687 2327 848 2393 civitatem
871 2328 904 2391 in
932 2327 1058 2406 villam,
1092 2332 1124 2392 et
1154 2329 1187 2392 in
1211 2329 1298 2394 exitu

146 2457 256 2500 earnm
271 2434 538 2518 permutationem
557 2433 701 2500 leserunt
715 2455 786 2499 oum
802 2433 958 2498 fratribus
974 2431 1162 2512 minoribus,
1186 2433 1298 2500 dantes

145 2541 192 2606 eis
208 2563 297 2604 suam
314 2560 512 2624 campanam,
535 2561 605 2625 quae
621 2540 801 2606 sonorosior
817 2545 894 2620 erat,
911 2545 943 2606 et
958 2540 1095 2604 fratrum
1111 2562 1299 2624 campanam

146 2645 346 2730 arripientes.
393 2643 598 2710 AEdifioantes
630 2650 736 2712 autem
760 2645 864 2710 locum
894 2643 1137 2730 appellaverunt
1158 2643 1299 2710 Hortum

146 2751 326 2836 virginum,
359 2751 393 2816 in
426 2773 488 2836 quo
520 2752 623 2816 multo
645 2755 786 2836 tempore
819 2750 992 2835 carpebant
1024 2749 1116 2816 dores
1149 2771 1300 2834 rosasque

146 2855 321 2921 odoriferas
344 2857 518 2934 virtutum,
550 2855 675 2941 fflitqbe
695 2861 732 2922 ut
754 2846 870 2920 diciu'u
898 2856 1036 2941 primum
1060 2859 1176 2920 sanotae
1199 2855 1300 2920 Clarus

146 2962 375 3028 monasterinm
412 2963 445 3026 in
487 2961 547 3028 hae
588 2962 752 3047 provincis
794 2962 966 3047 superioris
1000 2959 1176 3027 Alemaniae
1215 2983 1299 3026 anno

146 3067 268 3132 domini
287 3068 370 3132 1232
393 3071 610 3132 constructum
635 3067 675 3132 ab
691 3065 908 3146 Ulmensibus‚
933 3067 971 3132 de
988 3089 1124 3152 quornm
1141 3066 1299 3131 moenibns

146 3177 258 3258 postea
272 3174 480 3259 emigrarunt,
503 3177 541 3238 ut
556 3174 676 3239 dietum
699 3177 757 3252 est,
780 3173 814 3237 in
831 3171 1003 3258 bettingem
1027 3172 1082 3236 ubi
1105 3171 1299 3236 beneficiatae

145 3299 165 3342 a
189 3277 357 3344 comitibus
380 3278 418 3343 de
434 3277 606 3365 Tyllingen
622 3277 650 3356 ’ς
674 3277 768 3342 iidem
791 3276 922 3343 oomites
945 3276 1006 3341 sibi
1028 3275 1161 3342 titulum
1183 3275 1299 3340 funda-

145 3387 253 3450 torum
275 3389 520 3469 usurpaverunt,
544 3384 683 3449 dicentes
709 3383 868 3467 quandam
893 3381 1020 3446 viduam
1044 3381 1237 3446 comitissam
1261 3381 1299 3447 de

145 3490 318 3576 Tyllingen
350 3491 454 3575 ipsum
478 3489 628 3562 fundasse
652 3487 880 3554 monasterinm
903 3487 1009 3573 ibique
1041 3486 1200 3569 sepultam
1222 3507 1298 3553 esse.

146 3593 299 3662 Snooessu
314 3601 421 3662 antem
437 3596 588 3680 temporis
611 3599 683 3680 post
698 3595 825 3678 lapsum
839 3594 1005 3679 religionis
1021 3593 1123 3658 saneti
1140 3591 1300 3658 Francisoi

145 3705 178 3767 et
199 3699 337 3766 fratrum
360 3701 570 3767 defectionem
590 3701 773 3766 defecerunt
795 3705 827 3764 et
850 3721 869 3764 a
892 3699 1046 3784 religione
1062 3697 1300 3764 declinaverunt

144 3813 244 3878 etiam
266 3829 406 3886 sorores,
439 3808 546 3893 sieque
569 3811 702 3891 uterque
724 3809 914 3883 conventus,
950 3803 1086 3870 fratrum
1121 3803 1241 3868 seilicet
1264 3805 1298 3868 in

144 3917 291 3994 civitate,
323 3920 356 3980 et
378 3935 524 3980 sororum
554 3917 774 3979 extramuros
797 3911 900 3976 multo
933 3915 1074 3995 tempore
1098 3910 1218 3995 absque
1241 3910 1299 3974 ob·

144 4021 308 4088 servantia
331 4041 395 4086 suae
418 4025 537 4085 sanctae
560 4017 679 4104 regulus
702 4017 792 4082 stetit
820 4016 879 4080 sub
902 4017 1004 4081 multa
1027 4015 1242 4094 dissolutione,
1268 4018 1300 4080 et

146 4125 286 4213 plurima
308 4124 591 4191 committebantur
613 4123 773 4202 seandala,
795 4121 1041 4207 incidebantque
1064 4121 1220 4186 seculares
1243 4141 1299 4205 per

715 4255 730 4292 d

216 4364 229 4418 1
251 4361 277 4416 S.
296 4361 366 4418 oben
386 4379 407 4416 s.
429 4359 487 4416 199.
576 4361 592 4416 2
611 4359 753 4430 Tylingen
773 4360 845 4416 Mon.
867 4358 889 4414 1.
910 4357 973 4414 Seb.
993 4355 1036 4411 ΚΙ.
1056 4355 1138 4414 Gold.
1157 4357 1198 4410 ut.
1234 4353 1299 4424 Tyl-

145 4452 242 4524 lingen
262 4451 349 4508 Wibl.
368 4451 459 4508 Solum.
