3072 4936
758 299 825 366 .108

221 475 369 562 Augusta
397 477 484 542 sedes
508 473 631 554 habuit,
665 496 736 560 quae
766 475 927 560 quondam
951 473 1088 558 Alpibus
1120 474 1314 539 transcensis
1337 475 1370 538 in

223 580 384 645 civitatem
408 579 614 645 Tervisanam
636 579 831 645 domicilium
853 578 1020 644 transtulit
1041 578 1150 664 ibique
1172 579 1256 644 inter
1272 577 1371 644 Italos

222 687 325 750 ditata
347 686 380 750 in
396 683 577 770 Augustam
594 683 689 748 rediit
711 687 826 748 onusta
842 683 971 762 divitiis,
994 682 1068 747 inde
1092 687 1199 748 autem
1222 684 1371 768 palmites

222 813 295 856 suos
310 790 345 856 in
362 789 490 856 Ulmam
514 789 656 854 extendit
678 793 710 853 et
725 788 758 852 in
774 787 931 852 familiam
947 787 1121 852 notabilem
1143 787 1190 852 ibi
1206 789 1369 856 excrescit.

222 894 304 960 Sunt
326 901 358 962 ct
381 895 437 960 alii
460 896 599 960 eiusdem
622 893 759 958 nominis
782 893 815 957 in
832 891 928 958 Ulma
952 891 1077 958 honesti
1100 891 1254 974 homines,
1277 894 1371 960 zuni-

221 1001 300 1065 tales
322 1006 440 1080 tamen,
464 999 518 1085 qui
542 1023 574 1064 se
597 1021 636 1064 ex
665 999 773 1063 eadem
797 997 901 1062 radice
923 997 1033 1062 dicunt
1055 999 1243 1082 processisse
1265 1021 1285 1062 a
1308 1021 1373 1084 qua

222 1109 254 1170 et
276 1106 334 1170 illi.
381 1104 515 1180 Quidam
541 1107 657 1187 putant
679 1103 788 1168 villam
812 1101 1081 1188 Herwartingen¹
1111 1125 1150 1168 ex
1181 1103 1226 1168 eis
1256 1126 1371 1170 nomen

222 1209 377 1293 accepisse
392 1231 507 1294 eosque
531 1209 607 1273 olim
629 1209 662 1272 in
687 1230 724 1273 ea
746 1207 835 1272 sedes
856 1206 1015 1272 habuisse.
1060 1206 1127 1272 Alii
1154 1207 1264 1274 dicunt
1287 1209 1385 1293 quod,

221 1314 284 1399 ipsi
308 1338 326 1378 a
350 1314 427 1378 villa
449 1334 564 1378 nomen
588 1315 764 1377 traxerunt.

671 1467 922 1535 Harscher⁸.

310 1609 618 1678 Harsoherensium⁸
643 1607 768 1672 familia
781 1609 941 1693 quondam
956 1610 1076 1676 divitiis
1092 1611 1207 1678 florens
1225 1612 1374 1700 Ruching

226 1718 314 1804 priua
329 1717 423 1795 dicta,
448 1721 480 1782 et
502 1721 574 1800 post
589 1714 759 1792 Harsoher‚
783 1715 816 1778 in
834 1715 931 1780 llorw
955 1717 1071 1801 oppido
1091 1717 1261 1798 habitavit,
1284 1719 1373 1784 inde·

225 1847 286 1911 que
309 1829 439 1890 evocata
461 1823 495 1886 in
511 1821 695 1907 Esslingam
718 1820 913 1886 domicilium
937 1822 1113 1888 transtulit.
1159 1822 1229 1888 Hae
1245 1845 1372 1909 quoque

224 1930 355 1994 civitate
377 1929 526 1992 derelicta
548 1927 580 1991 in
606 1925 796 2012 Rtitlingam
818 1927 987 2012 migravit,
1016 1929 1124 2014 ibique
1146 1929 1257 1994 multis
1281 1932 1372 1996 annis

226 2033 361 2098 feliciter
384 2035 499 2120 degens
523 2055 604 2096 unus
627 2055 665 2097 ex
689 2056 725 2096 ea
751 2055 818 2098 aevo
841 2039 950 2098 nostro
980 2034 1252 2121 negotiationibus
1275 2035 1372 2100 variis

226 2139 368 2203 intentus
392 2137 520 2204 Ulmam
544 2136 693 2216 incoluit,
727 2138 782 2202 ubi
812 2139 972 2205 consortio
994 2140 1111 2204 civium
1142 2139 1230 2205 tertii
1252 2140 1372 2205 ordinis

227 2243 353 2315 iunctus
369 2242 402 2306 in
420 2242 502 2306 banc
517 2263 616 2326 usque
638 2242 748 2307 horam
764 2249 939 2327 permanet,
962 2243 1112 2310 fluctibus
1135 2242 1276 2310 fortunae
1291 2245 1373 2309 sieut

226 2370 334 2411 omnes
366 2347 421 2412 alii
453 2347 624 2431 expositus.
671 2347 776 2412 Huius
808 2349 945 2414 nominis
975 2349 1136 2415 Harscher
1167 2351 1374 2415 inveniuntur

225 2476 281 2536 per
304 2452 451 2518 Suesiam
473 2453 575 2517 infimi
598 2454 715 2538 gradus
738 2454 881 2520 homines
905 2455 1026 2536 villani,
1050 2461 1082 2521 et
1105 2455 1199 2521 medii
1221 2456 1315 2534 cives,
1338 2477 1374 2520 ac

225 2557 365 2642 supremi
397 2558 521 2643 antiqui
554 2558 685 2623 nobiles.
731 2558 955 2646 Significatum
989 2561 1074 2626 enim
1112 2559 1198 2626 illius
1235 2561 1373 2626 nominis

226 2668 332 2748 potest
348 2663 478 2728 cuilibet
487 2663 658 2728 seeundum
674 2666 911 2750 proportionem
923 2665 1107 2731 convenire:
1124 2689 1199 2730 nam
1211 2663 1372 2732 Harsohcr

227 2767 343 2834 dicitur
365 2767 429 2848 ille,
453 2769 508 2854 qui
531 2791 589 2834 sua
605 2769 803 2836 abundanter
825 2775 858 2836 et
880 2769 1028 2835 hilariter
1043 2771 1268 2850 communicat,
1292 2771 1374 2834 unde

228 2875 260 2937 in
284 2873 410 2960 vulgari
433 2874 593 2940 teutonico
616 2874 690 2940 talis
718 2875 961 2941 communicatio
984 2877 1099 2941 dieitur
1121 2875 1303 2941 harschlich
1325 2873 1376 2941 rel

227 2979 342 3044 ratlich
356 2980 378 3045 ⁴.
423 2979 497 3045 Ideo
531 2981 645 3046 accidit
674 2981 757 3066 quod
790 2981 850 3048 hoc
880 3005 995 3048 nomen
1026 3003 1191 3048 commune
1218 2981 1376 3066 reperitur

228 3085 389 3151 nobilibus
412 3090 444 3151 et
466 3085 594 3171 plebeis.
643 3086 746 3152 Homo
776 3089 872 3152 etiam
901 3087 994 3153 laetus
1018 3085 1168 3152 harscher
1200 3085 1262 3150 dici
1285 3085 1375 3152 solet.

676 3244 697 3310 S
707 3267 723 3309 c
733 3246 754 3309 h
765 3253 785 3308 d
796 3250 886 3310 tzen
903 3246 924 3310 ⁶.

199 3463 204 3474 ῃ
314 3366 578 3433 Schnnensium⁸
601 3365 1073 3479 optimatuthemingensium
1089 3367 1223 3432 honesta
1244 3370 1276 3431 et
1291 3365 1378 3430 anti·

302 3507 316 3560 1
338 3505 556 3574 Herbertingen,
582 3505 609 3558 k.
632 3507 727 3559 wtrtt.
747 3523 798 3560 ea.
823 3505 948 3575 Soulgau
973 3506 1040 3560 oder
1064 3503 1305 3575 Herbrechtingen
1325 3522 1378 3561 oa.

232 3591 420 3648 Heidenheim.
458 3594 484 3647 S.
502 3593 562 3646 301.
599 3592 815 3660 Herwartingen
834 3592 902 3649 Gok.
940 3593 1134 3660 Herwartigen
1154 3593 1226 3649 Mon.
1246 3593 1271 3645 2.
1308 3592 1378 3648 Her·

230 3680 370 3750 wetingen
391 3679 489 3734 Schad.
509 3677 629 3735 Schmid.
649 3680 691 3734 Kl.
729 3679 926 3750 Herwetingen
946 3679 1032 3734 Wibl.
1073 3679 1285 3749 Herwertingen
1307 3679 1378 3734 lices.

228 3768 403 3822 2Harschtr
423 3767 522 3823 Schad.
561 3767 735 3824 Harsehtren
754 3767 797 3822 Kl.
834 3768 874 3824 De
903 3767 1151 3822 Harsoherensibus
1177 3767 1249 3824 Mon.
1275 3769 1300 3822 2.
1337 3765 1379 3822 De

229 3855 486 3921 Harscherensibus,
505 3855 572 3911 olim
592 3855 706 3926 Ruhing
724 3856 793 3912 eor.
830 3856 897 3911 olim
917 3855 1046 3925 Rdching
1067 3855 1137 3910 Besa.
1202 3854 1378 3910 3Harscha·

228 3943 350 3998 rensium
370 3943 441 3998 Mon.
460 3943 485 3997 2.
503 3941 603 3999 Schad.
640 3943 887 4000 Harsobtreneium
907 3941 1028 3997 Schmid.
1047 3942 1092 4000 Kl.
1146 3945 1224 3996 lua
1242 3943 1319 3998 einer
1338 3943 1377 3996 ist

229 4032 278 4088 der
296 4034 320 4096 6,
340 4035 354 4085 7
374 4030 441 4086 oder
454 4031 470 4084 8
482 4029 550 4084 lrind
564 4031 622 4095 hat,
641 4029 705 4086 dem
718 4031 810 4086 hellen
823 4031 874 4085 wir
886 4031 979 4086 deuter
991 4031 1151 4086 rathlicher.
1189 4031 1246 4083 Ans
1264 4047 1287 4085 e.
1307 4029 1377 4086 nlm.

229 4117 449 4187 bettelordnung
469 4135 532 4174 rom
550 4120 643 4174 ersten
663 4119 759 4174 viertel
781 4117 828 4172 das
851 4121 880 4173 15
899 4117 1012 4181 Jahrb..
1032 4115 1153 4182 Schmid,
1171 4117 1378 4172 Sehwtbiacher

229 4207 404 4261 wtrterbuch
423 4223 442 4260 s.
463 4207 521 4260 t‘ll.
559 4205 632 4259 Aber
651 4206 829 4261 harschlich?
849 4205 1004 4262 harscher'l
1077 4205 1236 4261 sechem
1255 4204 1377 4262 Schmid

231 4295 315 4351 wibl.
352 4293 392 4349 De
417 4293 615 4348 Schfiaensibus
642 4294 709 4351 Golr.
746 4295 786 4351 De
809 4295 1022 4351 Sohdtuenribus
1047 4293 1119 4350 Besa.
1158 4294 1196 4348 De
1214 4293 1378 4348 Schutzsen·

229 4382 290 4437 bins
307 4382 380 4438 lion.
403 4381 427 4436 2.
500 4383 516 4438 6
535 4379 730 4438 Schduensium
749 4381 848 4438 Schad.
866 4379 986 4440 Schmin.
1006 4381 1074 4439 Gelu
1092 4379 1166 4436 Bere.
1186 4378 1270 4436 Wibl.
