3060 4936
269 1393 330 1459 De
353 1389 545 1475 origine
567 1391 611 1453 et
632 1385 879 1474 dignitate
899 1385 1161 1455 Suevorum.

386 1526 1055 1597 GottfridusViterbiensis¹.

354 1725 439 1792 Orbe
463 1723 664 1790 macedonico
687 1723 811 1808 peperit
833 1726 950 1788 natura
973 1720 1102 1801 Suevos,

353 1831 508 1916 Tempore
529 1830 717 1916 grandevos,
740 1849 893 1912 proceres,
917 1826 957 1891 ad
979 1825 1081 1911 prelia
1102 1849 1202 1893 sevos.

344 1937 348 1945 '
395 1936 530 2024 Ingenio
552 1935 675 2000 validos
697 1933 808 1998 littera
829 1937 941 1998 nutat
963 1953 1025 1998 eos.

352 2043 451 2110 Terra
473 2040 649 2108 Suerorum
671 2040 760 2125 prius
782 2038 891 2104 extitit
912 2036 1109 2119 Italicorum,

351 2148 463 2216 Mucro
486 2145 705 2212 macedonicus
726 2145 860 2230 populos
883 2144 975 2210 eiecit
996 2166 1115 2226 eorum,

396 2252 563 2338 Marteque
585 2251 742 2337 preripuit
764 2251 918 2337 quidquid
939 2251 974 2316 in
994 2250 1086 2317 hoste
1109 2250 1181 2318 fuit.

354 2357 481 2425 Judioio
504 2357 565 2422 celi
587 2356 794 2423 dominantur
815 2355 849 2420 in
873 2356 949 2422 orbe
972 2353 1077 2437 Suevi,

352 2463 485 2531 Gulmen
508 2463 549 2529 ad
570 2462 695 2547 imperii
718 2483 797 2546 gens
821 2461 1031 2528 audacissima
1052 2461 1150 2543 venit,

397 2568 483 2635 Nem
505 2591 563 2635 sua
586 2568 753 2654 progenies
776 2567 901 2634 romula
923 2589 1024 2654 regna
1045 2568 1139 2654 regit.

354 2674 473 2741 Militia
495 2675 576 2739 dura
598 2674 731 2759 cupiunt
754 2675 794 2740 ad
817 2675 887 2740 dira
909 2673 1040 2759 requiri,

353 2779 450 2847 (issar
472 2777 512 2844 ab
534 2778 585 2844 his
607 2779 724 2844 meruit
746 2779 933 2845 diadematis
956 2779 1033 2845 orbe
1055 2779 1163 2865 potiri,

396 2883 572 2970 Regnaque
593 2884 700 2949 sortiri
722 2888 825 2950 marte
846 2884 950 2950 calore
972 2883 1067 2950 viri'.

350 2988 447 3056 Nunc
469 2987 586 3074 ubique
608 2988 678 3074 geri
700 2987 879 3073 respublica
901 2989 1001 3074 prelia
1024 2991 1139 3074 querit,

355 3094 474 3161 Ordine
497 3093 619 3179 primus
642 3094 713 3175 erit,
736 3093 845 3180 gladio
868 3094 938 3160 vult
959 3093 1081 3180 primus
1104 3096 1216 3162 haberi

396 3199 549 3284 Morsque
571 3197 719 3283 signiferi
741 3199 863 3283 primus
886 3197 920 3262 in
943 3199 1036 3264 hoste
1058 3199 1142 3266 ferit.

353 3304 492 3391 Corpore
515 3307 591 3370 sunt
612 3303 758 3390 graciles,
781 3303 881 3390 agiles
904 3307 937 3368 et
959 3304 1075 3371 robore
1098 3306 1219 3391 magni,

351 3408 487 3476 Actibus
510 3408 664 3494 ancipites
686 3411 763 3474 sunt
784 3429 872 3474 more
894 3408 1006 3489 leonis,
1030 3415 1063 3476 et
1086 3411 1164 3498 agni

394 3513 494 3596 Mitis,
518 3518 551 3579 et
573 3514 692 3580 austeri
714 3513 826 3578 militis
849 3518 919 3579 acta
941 3515 1026 3600 gerit
1042 3513 1064 3580 ³.

353 3619 492 3706 Hospita
515 3625 600 3686 terra
623 3619 700 3686 satis
723 3643 781 3685 sua
803 3620 858 3684 dat
880 3620 1026 3686 convivia
1048 3619 1184 3708 gratis⁴.

354 3723 481 3792 Vinetis
506 3731 539 3792 et
561 3726 647 3812 agris
670 3723 717 3792 ibi
739 3725 831 3811 copia
852 3725 1042 3808 fertilitatis,

397 3831 586 3914 Arboribus,
610 3833 721 3918 pratis,
743 3830 883 3913 flumine,
906 3831 992 3918 pisce
1014 3831 1089 3898 latis
1104 3830 1127 3898 ⁶.

712 3939 729 3981 s

213 4021 227 4076 1
247 4019 341 4077 Dieses
359 4021 473 4092 gedicht
491 4023 569 4078 steht
592 4021 631 4076 im
651 4023 724 4080 Mon.
743 4022 768 4077 l.
788 4039 834 4077 am
853 4021 978 4092 enfang,
1006 4039 1056 4080 vor
1075 4023 1124 4079 der
1143 4023 1297 4095 descripcio

142 4107 276 4179 parcialis
296 4111 391 4166 nostre
410 4109 494 4165 Terre
512 4112 542 4166 et
559 4109 703 4168 Prouinoie
724 4110 879 4166 Theutonie
907 4127 941 4166 ac
967 4111 1093 4167 nacionis
1111 4109 1210 4167 Sueuie
1229 4112 1296 4175 etc.;

143 4197 211 4252 uber
232 4197 279 4254 die
297 4197 511 4268 seitenashlung
529 4199 613 4268 fangt
631 4201 689 4254 erst
709 4199 763 4254 mit
782 4197 872 4254 dieser
896 4217 941 4254 an.
979 4199 1029 4254 Die
1053 4199 1232 4256 bandsebrift
1249 4199 1298 4254 des

143 4283 271 4356 gedicbis
289 4285 328 4341 iat
345 4285 556 4342 unnweifelhaft
574 4287 647 4342 auch
669 4287 779 4343 dieder
798 4287 907 4345 doctore
924 4287 1087 4344 Hartmann
1105 4286 1229 4343 Scbedel.
1280 4287 1297 4340 2

141 4371 191 4430 Sol
273 4371 289 4428 3
308 4371 351 4438 So,
371 4373 450 4428 nicht
468 4377 579 4444 gerunt.
667 4377 684 4430 4
703 4377 739 4432 So
766 4375 839 4433 wohl
858 4393 892 4430 ru
911 4377 987 4432 lesen
1005 4378 1079 4432 statt
1096 4392 1148 4430 sua
1166 4371 1297 4432 conuiuia

140 4461 192 4516 dat
210 4461 309 4532 gratis.
382 4461 468 4519 eso!
