3080 4938
697 337 755 444 ¹27
842 417 844 423 ,

159 531 232 576 cum
254 510 378 595 pupillo
393 510 433 598 ¹].
478 511 590 577 Multis
614 515 721 579 autern
746 511 837 577 bonis
852 513 984 597 perditis
996 517 1032 578 ‘et
1046 514 1170 580 iuribus
1186 515 1310 581 amissis

160 614 262 698 aperti
285 619 360 680 sunt
382 615 609 682 monachorum
640 617 724 682 oonli
746 621 778 682 et
813 623 979 703 coeperunt
1010 639 1082 684 cnm
1104 617 1309 686 Ulmensibus

160 721 351 786 contendere
367 725 399 786 et
413 722 448 786 in
462 722 552 787 litem
572 723 699 788 trahere
714 726 747 787 et
762 744 860 788 novas
875 745 1028 808 expensas
1043 723 1173 791 inutiles
1187 725 1308 804 facem

159 825 267 910 sicque
282 826 393 892 multis
409 827 501 892 annis
515 827 549 892 in
565 828 749 910 diversitate
762 832 929 894 steterunt.
974 828 1068 897 Unde
1082 853 1139 916 par
1155 836 1309 918 quatuor·

159 933 260 998 decim
281 954 381 998 annos
404 931 570 999 Ulmenses
601 934 635 998 in
658 934 980 1000 excommunicatione
1010 939 1102 1000 erant
1135 936 1310 1020 apostolica

159 1041 291 1122 propter
312 1037 501 1118 monachos,
534 1060 592 1103 nec
625 1043 732 1105 tamen
763 1040 801 1105 ad
831 1039 1003 1104 monachos
1034 1039 1131 1105 illos⁹
1161 1041 1308 1107 inclinari

157 1145 316 1226 poterant,
338 1143 391 1208 sed
418 1142 577 1209 instanter
598 1146 680 1229 apud
697 1168 814 1230 papam
828 1149 861 1211 et
874 1145 1098 1229 imperatorem
1114 1146 1306 1212 laborabant

159 1250 196 1311 nt
219 1247 432 1313 liberarentur
453 1249 494 1314 ab
517 1250 572 1330 eis,
593 1251 677 1335 quod
701 1255 806 1315 tamen
830 1250 999 1315 videbatur
1020 1249 1110 1316 nullo
1125 1251 1194 1316 iure
1216 1273 1308 1336 posse

158 1351 238 1418 fieri.
283 1351 425 1419 Tandem
447 1359 554 1420 autern
576 1357 707 1421 inventa
721 1359 770 1421 est
785 1355 839 1420 via
852 1354 1050 1420 liberationis
1072 1377 1181 1420 eorum
1196 1356 1308 1421 subtili

69 1545 72 1552 Ι
156 1457 300 1542 practica
321 1457 417 1539 iuris,
441 1460 479 1525 de
502 1482 565 1545 qua
587 1461 704 1546 longus
726 1465 807 1526 esset
829 1463 985 1524 mactatus
1011 1459 1239 1542 conficiendas,
1274 1466 1307 1526 et

159 1560 298 1628 absoluti
320 1567 396 1628 sunt
410 1562 576 1632 Ulmenses
599 1589 618 1631 a
639 1565 803 1631 monachis
825 1569 857 1630 et
879 1564 1026 1629 monachi
1049 1564 1090 1629 ab
1112 1564 1167 1644 eis,
1190 1567 1306 1650 quibus

156 1663 326 1733 Ulmenscs
348 1691 462 1736 aurum
492 1693 556 1737 non
578 1671 735 1736 modicum
768 1675 953 1755 promptum
985 1669 1154 1750 dederunt,
1186 1671 1307 1738 scilicet

156 1771 273 1858 viginti
298 1779 435 1859 quatuor
457 1776 548 1840 milia
570 1775 782 1856 florenorum,
805 1779 838 1840 et
859 1773 966 1839 omnia
989 1775 1066 1839 iura
1097 1779 1130 1840 et
1158 1776 1243 1841 bona
1271 1776 1306 1842 in

156 1877 288 1944 civitate
311 1878 455 1946 Ulmensi
479 1885 511 1946 et
532 1881 566 1946 in
589 1880 707 1947 circulo
730 1880 769 1946 ad
785 1883 923 1964 quatuor
939 1878 1075 1944 miliaria
1094 1880 1306 1962 redemerunt,

157 1987 190 2050 et
213 1984 296 2050 hano
319 1985 567 2071 redemptionem
590 1985 777 2064 concilium,
800 2006 884 2070 papa
906 1989 939 2048 et
960 1985 1133 2068 imperator
1165 1985 1305 2052 ratifica-

156 2094 274 2155 verunt
294 2090 412 2156 litteris
436 2098 468 2158 et
489 2093 605 2178 sigillis
628 2091 866 2156 solemnissimis
888 2111 960 2155 cum
989 2089 1164 2156 multorum
1185 2093 1305 2176 princi·

157 2219 236 2281 pam
259 2197 499 2283 subscriptione.
545 2197 589 2262 Et
617 2197 685 2262 baec
712 2196 887 2280 redemptio
910 2196 950 2260 ad
978 2195 1109 2280 plenum
1140 2196 1226 2262 facta
1257 2203 1306 2263 est

156 2323 226 2367 aevo
248 2307 368 2368 nostro.
392 2308 425 2369 et
446 2325 509 2369 non
533 2301 635 2368 multo
658 2307 740 2387 post,
764 2306 895 2386 propter
916 2301 1104 2366 varietatem
1127 2323 1304 2383 causarum,

154 2407 183 2472 si
207 2403 373 2472 Ulmenses
396 2408 429 2472 in
453 2407 549 2492 duplo
565 2405 636 2492 plus
659 2407 697 2471 de
720 2427 797 2470 auro
820 2405 988 2484 dedissent,
1012 2404 1094 2469 nibil
1117 2405 1322 2474 effecissent.¹

154 2511 250 2579 Unde
273 2513 383 2577 abbati
406 2519 439 2577 et
461 2511 624 2576 monachis
646 2511 760 2598 ingens
783 2509 919 2574 accrevit
934 2509 1096 2590 contritio,
1119 2511 1203 2594 quod
1222 2513 1304 2577 tanti

153 2617 251 2702 pretii
281 2619 365 2683 bona
394 2639 453 2703 pro
485 2616 616 2682 tantillo
646 2615 868 2682 vendidissent.
925 2614 1124 2681 Venerabilis
1157 2617 1304 2683 dominus

155 2721 326 2795 Helas-icus
349 2723 502 2789 Neithart
515 2722 540 2802 ⁸,
564 2743 725 2787 sacrorum
748 2743 905 2788 maenum
919 2725 952 2786 et
966 2721 1073 2806 legum
1089 2722 1209 2802 doctor,
1232 2746 1304 2788 mo·

152 2830 270 2895 dernns
284 2829 437 2913 plebanus
458 2827 618 2895 Ulmensis
634 2827 755 2912 primus
778 2827 849 2907 fun,
873 2847 967 2911 quem
990 2827 1110 2892 domini
1133 2825 1300 2894 Ulmenses

153 2935 316 3000 ordinario
339 2934 466 2999 domino
488 2933 634 3018 episcopo
658 2931 891 2997 Constantiensi
908 2930 1141 2998 investiendum
1161 2955 1302 3018 praesen-

155 3044 276 3106 tarnat.
322 3038 421 3104 Porro
444 3041 477 3105 in
499 3040 549 3105 bis
572 3038 684 3104 litibus
700 3036 899 3104 Ulmensium
914 3058 986 3101 cum
1001 3035 1165 3102 monacbis
1181 3037 1303 3103 nobiles

154 3145 279 3212 Saevire
309 3149 343 3210 et
364 3144 588 3210 civitatenses⁴
613 3141 819 3210 Ulmensibus
841 3141 960 3206 auxilio
983 3146 1015 3206 et
1047 3141 1179 3206 oonsilio
1202 3147 1303 3220 erant,

156 3250 346 3315 animabant
367 3255 400 3314 et
421 3249 655 3314 confortabant.
702 3233 811 3312 Plures
834 3245 931 3310 etiam
958 3245 996 3310 de
1018 3245 1178 3312 nobilibus
1201 3245 1302 3311 domi·

154 3355 230 3421 cilia
252 3377 310 3420 sna
334 3353 462 3421 Ulmam
486 3353 716 3419 transferentes
732 3353 875 3419 concives
891 3351 1071 3417 manebant.
1116 3349 1204 3416 Inter
1225 3373 1304 3436 quos

152 3465 224 3527 erat
255 3483 337 3525 unus
369 3481 473 3526 comes
510 3460 549 3523 de
580 3457 806 3544 Werdaberg⁶
837 3456 1037 3536 monoculus,
1070 3457 1121 3522 cui
1159 3453 1235 3520 dum
1264 3456 1303 3520 do

153 3565 298 3652 prolibus
321 3587 391 3650 spes
414 3587 478 3630 non
494 3569 585 3642 esset,
608 3565 714 3628 omnia
730 3585 800 3648 quae
816 3561 930 3628 habuit
946 3562 1097 3644 vendidit,
1120 3565 1153 3626 et
1175 3565 1303 3646 accepto

154 3671 260 3758 pretio
283 3671 361 3738 emit
393 3669 433 3735 ab
456 3667 662 3736 Ulmensibus
691 3691 749 3753 pro
778 3691 811 3734 se
840 3673 872 3734 et
902 3689 956 3733 sex
984 3667 1127 3751 personis
1159 3667 1199 3731 ad
1228 3668 1303 3732 vitae

719 3786 736 3825 ss

229 3869 241 3922 1
263 3867 446 3932 Subveninnt,
466 3871 498 3922 ut
516 3867 636 3924 habetur
654 3869 671 3922 4
689 3885 715 3937 q.
735 3867 751 3937 ξ
773 3871 781 3920 1
805 3869 834 3922 et
852 3883 907 3936 seq.
926 3864 954 3918 ff.
974 3865 1009 3920 de
1027 3864 1080 3920 biis
1093 3881 1155 3936 quse
1167 3866 1197 3921 in
1210 3865 1302 3920 fraud.
1320 3897 1323 3906 ·

152 3956 227 4012 cred.
256 3955 275 4012 l.
303 3956 426 4027 pupillus
453 3955 484 4010 in
501 3955 528 4011 fl.
547 3953 674 4010 Goldast.
702 3955 763 4019 llr.;
783 3955 857 4008 statt
881 3969 944 4023 qna
962 3953 1054 4008 baben
1072 3952 1121 4022 qni
1145 3952 1218 4010 Mon.
1241 3957 1252 4008 l
1272 3956 1301 4009 at

154 4043 237 4100 Gold.
260 4043 331 4098 Ulm.
421 4043 520 4100 2illos
539 4041 611 4098 lcblt
630 4041 673 4097 bei
692 4041 778 4098 Wibl.
821 4057 866 4098 eos
885 4039 975 4096 Scbm.
1004 4039 1054 4094 lah.
1126 4043 1143 4096 3
1168 4041 1303 4097 Hearicus

153 4131 290 4186 Nittbart
308 4129 369 4186 Scb.
412 4131 566 4187 Neitbardt
584 4130 628 4186 Kl.
665 4129 813 4186 Neithartt
840 4130 889 4186 llb.
933 4127 1083 4184 Neudbart
1107 4127 1191 4185 Wibl.
1229 4127 1301 4198 nyt-

151 4221 221 4275 bsrt
239 4217 313 4274 lion.
333 4217 357 4275 1.
393 4217 515 4274 Nitbard
534 4219 615 4275 Gold.
634 4220 674 4274 ut.
752 4217 967 4274 lcivitatsmas
993 4217 1087 4273 haben
1113 4217 1185 4272 Mon.
1207 4219 1219 4272 l
1239 4216 1300 4274 Sch,

152 4307 197 4363 lll.
217 4305 299 4362 Gold.
318 4309 359 4361 nt.
394 4305 525 4362 civitates
544 4306 628 4361 Wibl.
650 4306 740 4362 Scbm.
762 4307 810 4360 nh.
902 4305 972 4361 5de
990 4304 1183 4374 Werdenberg
1200 4303 1302 4360 Scbad.

151 4395 197 4452 Kl.
216 4393 304 4450 Wibl.
339 4394 374 4451 de
395 4393 568 4466 Wsrdaberg
586 4393 666 4451 Gold.
688 4398 726 4450 ut.
766 4393 951 4465 Weidsnberg
970 4393 1019 4448 Eh.
1039 4391 1130 4448 Schm.
