3080 4938
802 359 845 424 26

252 537 336 620 quod
352 535 436 619 ipsos
453 535 624 600 monachos
641 535 843 600 excluderent
860 555 879 597 a
894 533 1034 612 civitate,
1051 537 1084 598 et
1094 535 1264 615 utrumque
1280 531 1402 596 factum
1519 515 1520 556 l

251 645 308 706 est
357 639 446 705 Unde
479 639 578 703 abbas
602 637 699 704 Owiae
728 638 914 726 frequenter
944 645 1012 706 erat
1044 640 1077 704 in
1101 639 1217 716 Ulma,
1249 642 1282 703 et
1310 639 1400 722 quasi

250 747 371 811 curiam
393 767 457 810 uon
480 744 631 828 principis
654 745 707 810 sed
731 747 816 831 regis
839 747 884 810 ibi
908 743 1057 824 habebat,
1082 744 1132 808 cui
1154 742 1323 810 Ulmenses
1346 765 1400 828 pe·

250 849 358 915 eunias
382 851 421 915 ad
445 851 635 915 desiderium
657 852 919 930 commodabant,
955 851 1070 936 quibus
1105 849 1256 926 decimas,
1279 871 1401 928 census,

251 955 375 1020 telonea
397 957 429 1020 et
450 956 520 1020 iura
543 955 782 1041 impignorabat
801 956 821 1036 ¹,
844 955 948 1022 multa
970 956 1067 1021 etiam
1089 956 1128 1020 ad
1144 955 1245 1018 vitam
1260 975 1401 1038 quorun·

250 1060 323 1124 dam
346 1060 524 1138 tribuebat,
549 1062 613 1126 alie
635 1066 748 1145 sponte
770 1061 981 1147 propinabat,
1015 1083 1072 1126 nec
1102 1064 1170 1125 erat
1192 1060 1259 1124 dies
1282 1060 1315 1122 in
1339 1081 1401 1143 quo

250 1187 313 1229 non
338 1165 531 1230 alienaretur
554 1166 675 1250 aliquid
699 1167 739 1230 ab
761 1188 798 1230 eo
820 1165 1037 1230 consentiente
1052 1187 1099 1229 eo.
1146 1163 1341 1248 Aliquando,
1365 1167 1402 1228 ut

252 1270 369 1347 audivi,
392 1275 467 1336 ante
490 1271 735 1357 carnisprivium
758 1270 850 1355 quasi
872 1291 980 1335 omnes
1010 1270 1048 1335 de
1070 1268 1161 1334 Owia
1182 1267 1287 1334 ulma
1309 1275 1402 1334 erant

251 1379 376 1440 etcum
399 1376 522 1442 civibus
545 1377 742 1450 hastiludiis,
774 1375 915 1454 choreis,
938 1375 1076 1460 nuptiis,
1100 1374 1254 1438 conviviis
1277 1379 1310 1438 et
1334 1395 1401 1439 om-

251 1480 345 1544 nibus
369 1480 587 1565 voluptatibus
611 1482 847 1559 deserviebant,
870 1487 903 1548 ct
925 1485 1032 1546 tantas
1055 1501 1209 1564 expensas
1231 1479 1402 1558 faciebant,

251 1585 334 1669 quod
358 1607 421 1648 non
445 1589 515 1651 arat
543 1588 609 1652 dies
641 1588 674 1651 in
707 1609 770 1672 qno
799 1609 864 1651 non
896 1587 1005 1670 aliqua
1034 1585 1111 1650 villa
1141 1585 1189 1650 vel
1223 1585 1345 1650 decima
1367 1585 1398 1649 in

251 1710 375 1754 cassum
397 1691 564 1757 transibat.
612 1693 656 1757 Et
678 1713 751 1756 cum
773 1691 834 1757 hoc
856 1693 890 1756 in
912 1695 1005 1756 tanta
1027 1691 1134 1756 debita
1163 1691 1315 1756 deductus
1340 1691 1402 1756 fnit
1520 1665 1521 1724 Ῑ

214 1841 216 1848 .
251 1793 284 1856 in
308 1791 405 1858 Ulma
427 1795 543 1875 abbas,
576 1797 659 1880 qnod
682 1819 746 1861 non
769 1795 833 1860 fuit
856 1797 990 1881 quaestio
1013 1796 1077 1860 iam
1099 1797 1137 1861 de
1160 1795 1254 1861 rebus
1276 1795 1402 1860 abbatis

251 1899 285 1961 in
302 1897 407 1977 Ulma,
430 1901 484 1964 sed
500 1902 723 1986 querebantur
743 1902 808 1967 iam
823 1925 872 1968 res
889 1907 980 1968 extra
996 1903 1092 1967 etiam
1107 1902 1217 1986 procul
1238 1902 1278 1967 ab
1294 1900 1400 1967 Ulma.

252 2001 289 2066 In
313 2003 364 2068 his
386 2006 520 2070 sculteto
544 2011 576 2071 et
591 2008 769 2072 consulatui
786 2007 891 2073 multa
912 2007 999 2072 dedit
1015 2011 1046 2072 et
1062 2007 1204 2084 indulsit,
1228 2011 1261 2071 et
1275 2010 1402 2070 coactns

252 2108 322 2172 iura
344 2129 403 2173 sna
424 2113 573 2176 continue
596 2113 781 2196 resignavit,
805 2113 858 2177 sed
883 2117 915 2177 et
930 2113 1051 2176 curiam
1066 2132 1156 2177 suam
1171 2111 1230 2174 den
1247 2109 1402 2176 Grienen-

252 2213 310 2276 hol
331 2213 452 2278 civibus
475 2216 626 2295 vendidit,
649 2217 703 2300 qui
727 2238 767 2281 ex
788 2216 883 2281 horto
906 2217 1045 2300 plateam
1069 2215 1231 2300 publicam
1245 2213 1401 2292 fecerunt,

252 2318 286 2380 in
310 2341 373 2401 qua
395 2319 481 2384 olera
504 2325 535 2384 et
558 2319 679 2386 fructus
703 2322 929 2400 vendebantur,
953 2322 1045 2386 etde
1068 2321 1198 2400 horreo,
1230 2321 1315 2406 quod
1338 2321 1401 2386 iam

118 2445 124 2456 ·
253 2425 302 2486 est
317 2423 427 2488 domus
445 2423 609 2489 Wilhelmi
624 2424 707 2505 Lew,
724 2427 852 2492 rechem
866 2425 918 2492 vel
933 2425 1101 2491 tabernam
1115 2425 1233 2490 civium
1247 2426 1400 2492 fecerunt.
1520 2459 1521 2468 κ

253 2527 375 2592 Mansit
407 2533 514 2593 autem
547 2529 652 2614 platea
684 2531 741 2596 illa
773 2531 879 2596 forum
914 2530 1075 2596 venalium
1103 2552 1210 2596 rerum
1239 2531 1401 2616 usquead

252 2633 392 2697 civitatis
415 2633 661 2718 ampliationem.
707 2634 786 2701 Haec
816 2639 924 2701 antem
955 2636 1062 2702 omnia
1092 2657 1156 2700 non
1187 2657 1269 2701 unus
1293 2636 1402 2714 abbas,

251 2737 305 2801 sed
329 2738 434 2820 plures
455 2741 628 2806 successive
650 2741 799 2826 agebant,
823 2746 854 2806 et
878 2741 918 2807 ad
941 2745 1065 2806 tantam
1088 2741 1328 2825 perversitatem
1351 2763 1400 2806 res

252 2841 386 2919 devenit,
409 2845 445 2906 ut
461 2843 576 2908 abbate
592 2843 699 2929 aliquo
715 2845 865 2910 defuncto
880 2843 1047 2912 Ulmenses
1063 2851 1285 2930 promoverent
1307 2867 1401 2930 quem

252 2945 379 3022 vellent,
403 2949 456 3031 qui
481 2948 606 3012 nullum
628 2949 741 3014 utilem
762 2951 974 3030 monasterio,
997 2950 1051 3015 sed
1074 2971 1137 3014 suae
1159 2951 1283 3015 civitati
1307 2951 1402 3015 bene·

253 3051 361 3116 volum
375 3051 451 3137 eligi
467 3054 687 3137 permiserunt.
724 3053 763 3118 In
779 3059 870 3120 tanto
885 3058 992 3120 antem
1006 3057 1189 3138 contemptu
1205 3059 1237 3120 et
1252 3056 1398 3140 despectu
1521 3029 1522 3090 3

253 3155 364 3221 haberi
386 3163 551 3241 coeperunt
573 3159 704 3224 abbates
721 3160 761 3224 ab
778 3158 994 3239 Ulmsnsibus,
1019 3164 1055 3224 ut
1069 3165 1195 3224 mortuo
1211 3159 1317 3244 aliquo
1332 3161 1400 3244 ple·
1521 3209 1522 3212 η

256 3263 337 3326 bano
359 3261 420 3346 ipsi
443 3263 599 3348 eligerent
621 3270 653 3328 et
676 3287 733 3348 pro
756 3265 822 3330 eius
845 3265 1086 3331 confirmatione
1101 3269 1134 3330 et
1149 3265 1339 3330 investitura
1362 3265 1399 3328 ad

252 3367 358 3432 sedem
377 3363 587 3452 'aposcolicam
608 3370 783 3449 mitterent,
806 3375 838 3436 et
860 3393 924 3436 non
948 3371 987 3435 ad
1010 3370 1159 3435 abbatem
1183 3371 1220 3434 ad
1246 3393 1340 3454 quem
1362 3371 1409 3450 de,

252 3475 321 3539 iure
342 3475 516 3558 spectabat.
562 3473 647 3540 Nam
669 3476 702 3539 in
726 3477 871 3542 omnibus
888 3477 938 3542 his
961 3475 1127 3542 Ulmenses
1143 3476 1245 3540 multa
1262 3478 1300 3540 ‹le
1315 3475 1400 3540 facto

253 3579 405 3656 fecerunt,
429 3601 499 3664 quae
522 3580 619 3645 sacris
641 3582 816 3646 canonibus
838 3586 870 3647 et
893 3582 1017 3666 legibus
1040 3581 1201 3646 contraria
1231 3587 1338 3660 eraut,
1370 3587 1404 3646 et

159 3673 198 3751 13?
200 3717 241 3750 ro.
252 3682 399 3747 monachi
421 3684 471 3748 ius
494 3707 551 3770 pro
574 3707 607 3751 se
629 3685 800 3764 habebant,
823 3687 877 3751 sed
899 3687 1114 3772 negligentes,
1149 3684 1348 3750 formidulosi
1371 3693 1404 3752 et

253 3786 443 3852 dormientes
466 3795 566 3855 erant.
623 3789 867 3877 Vigilantibus²
890 3795 997 3856 autem
1020 3795 1052 3856 et
1076 3813 1139 3856 non
1174 3791 1405 3856 dormientibus

252 3893 323 3957 iura
345 3893 538 3960 subveniunt
562 3893 615 3982 [nt
637 3896 774 3962 habetur
802 3899 876 3962 inst.
908 3897 929 3961 l.
954 3899 983 3963 4.
1009 3897 1059 3961 tit.
1085 3899 1115 3962 o.
1139 3897 1157 3981 ἓ
1181 3899 1200 3960 6
1223 3897 1249 3960 si
1273 3897 1344 3981 quis
1367 3897 1402 3960 in

252 3997 398 4064 fraudem
413 4000 605 4066 creditorum
629 4053 636 4068 .
663 4053 669 4066 .
694 4006 726 4068 et
740 4025 827 4087 sequ.
852 4002 965 4087 digest.
983 4003 1003 4066 l.
1028 4002 1070 4066 42
1095 4003 1146 4067 tit.
1170 4001 1261 4082 8,10
1285 4001 1405 4085 siquis

819 4155 837 4194 *

326 4250 590 4321 limpignorabant
611 4293 619 4308 .
642 4296 647 4308 .
671 4297 677 4311 .
706 4253 870 4310 tribuebant
895 4253 967 4310 tlon
996 4255 1018 4309 1.
1044 4253 1141 4309 Sehad.
1167 4251 1211 4306 Kl.
1236 4251 1327 4308 Schm.
1354 4253 1406 4308 Eh.

253 4337 425 4408 propinabat
444 4337 516 4393 ldon.
538 4342 561 4396 l.
580 4341 641 4396 Sch.
660 4341 718 4404 Kl..
746 4341 805 4396 alia
824 4382 829 4392 .
851 4384 856 4396 .
876 4380 883 4394 .
901 4341 1072 4412 propinabat
1093 4339 1166 4395 fehlt
1186 4339 1229 4396 bei
1242 4339 1334 4396 Schm.
1355 4341 1404 4398 Eh.

254 4426 271 4478 2
290 4425 484 4495 vigilantibus
502 4427 695 4498 suffragantur
712 4427 776 4483 iura
796 4428 869 4485 Mon.
890 4429 912 4484 1.
931 4427 1077 4484 randnote.
