3034 4922
656 361 720 429 213

271 532 317 600 Ut
337 534 483 600 dominus
505 535 720 616 mandaverat,
744 537 796 602 sed
821 559 907 602 mare
929 539 1175 622 pertransibant,

193 658 245 698 saro
272 639 361 716 Quod
383 645 431 706 cst
453 640 641 719 Tiberiadis,
664 641 718 707 ubi
743 647 819 706 tunc
841 642 981 708 habebat

272 745 383 812 Petrus
406 768 504 832 prope
526 746 740 824 mansionem
763 745 796 810 in
819 746 880 811 bac
902 746 1092 831 quiescebat,

269 847 376 934 Atque
398 850 436 915 de
457 849 619 934 discipulis
642 871 705 928 sex,
730 849 845 934 quibus
868 851 1042 935 apparebat

272 953 409 1020 Rursum
430 953 524 1021 Jesus
546 959 642 1040 atque
664 978 697 1021 sc
720 957 827 1021 vivum
849 955 1044 1023 ostendebat.

270 1058 308 1125 In
330 1059 405 1126 navi
426 1083 501 1126 nam
523 1060 669 1145 discipuli
691 1082 762 1126 oum
785 1060 880 1127 Patro
902 1061 1117 1145 piscabantur,

194 1182 245 1221 ⁸²⁰⁶
271 1162 327 1230 Nil
348 1169 418 1230 tcta
440 1170 533 1232 nocte
555 1166 713 1250 capientes
736 1165 838 1250 gratis
861 1153 1068 1233 vexabantur.

272 1268 375 1349 Jesus,
397 1274 485 1336 stans
508 1271 541 1336 in
564 1271 668 1350 litore,
691 1271 789 1336 dixit:
815 1270 888 1335 »An
910 1270 1035 1338 habetis

273 1375 322 1440 Ad
346 1376 599 1440 manducandum
622 1376 752 1460 aliquid,
776 1376 825 1441 vel
847 1376 947 1460 pisces
970 1377 1033 1442 huc
1055 1377 1188 1462 portetis
1201 1382 1228 1444 !‹

271 1479 332 1557 Qui
354 1481 512 1561 dixerunt,
535 1481 580 1546 nil
603 1480 720 1546 habers
742 1504 785 1546 se.
829 1480 922 1548 Jesus
945 1483 1010 1546 ait:
1037 1481 1136 1548 »Rets

271 1583 307 1650 In
331 1585 494 1651 dexteram
515 1587 636 1672 navigii
659 1586 802 1651 laxantes
825 1585 885 1651 hoc
907 1589 1050 1652 tenetote

195 1709 246 1746 coo
273 1688 342 1755 Hoc
364 1689 507 1756 faciendo
529 1691 682 1775 plurimos
704 1691 804 1775 pisces
827 1692 1059 1773 concluserunt,

271 1793 308 1860 In
331 1799 466 1875 tantum,
490 1797 575 1881 quod
597 1795 758 1862 attrahere
781 1798 833 1862 vix
856 1797 928 1862 illos
951 1779 1133 1882 potierant.

272 1899 434 1966 lohannes
456 1901 521 1966 ait:
547 1899 659 1968 ›Jesus
682 1905 769 1966 estt«
793 1903 853 1967 hoc
876 1900 989 1967 Petrus
1012 1907 1049 1968 ut
1072 1904 1195 1970 audivit

271 2005 347 2071 Mox
369 2007 403 2072 in
425 2028 512 2072 mars
534 2029 567 2072 se
590 2007 678 2072 misit
699 2011 732 2072 et
754 2029 810 2090 per
832 2029 930 2091 aquas
952 2007 1021 2072 ivit.

271 2110 337 2176 Alii
360 2112 488 2197 navigio
511 2112 550 2177 ad
573 2115 691 2177 terram
713 2112 948 2191 descenderunt,

194 2235 245 2274 ⁶³⁰⁶
271 2215 322 2282 Ad
344 2239 462 2303 prunas
484 2217 601 2301 piscem
621 2205 761 2302 positum
784 2238 960 2302 panemque
982 2217 1150 2296 viderunt3

271 2319 342 2403 Sed,
366 2322 450 2408 quod
472 2321 540 2407 ipse
563 2321 708 2416 dominus
731 2320 823 2401 foret,
848 2323 1090 2408 cognoscebant,

273 2427 323 2492 Ab
346 2449 383 2492 eo
405 2432 512 2494 tamen
534 2419 664 2513 querere
686 2427 768 2492 nihil
790 2427 1023 2512 presumebant.

273 2531 365 2598 Jesus
387 2533 434 2598 ait
456 2532 496 2598 ad
518 2554 589 2598 eos:
615 2531 759 2612 »Venite
783 2531 964 2616 prandeatis

272 2637 320 2703 De
340 2637 490 2723 piscibus,
512 2659 591 2723 quos
614 2660 699 2703 nunc
721 2638 857 2722 cepistis,
881 2639 1004 2723 aliquos
1026 2638 1174 2704 feratislc

198 2761 248 2799 ⁶³¹⁰
275 2743 386 2809 Petrus
409 2748 475 2809 rete
496 2743 635 2829 piscibus
657 2766 728 2808 cum
751 2744 985 2829 quinquaginta
1006 2742 1109 2809 trihus

274 2848 434 2928 Extraxit,
458 2871 583 2914 sumens
606 2849 740 2934 aliquos,
764 2849 801 2914 de
823 2849 939 2933 quibus
955 2838 1026 2914 'illis
1049 2849 1137 2915 cibus

273 2952 393 3032 Fieret3
417 2953 471 3018 sed
492 2951 586 3020 Jesus
608 2975 722 3038 panem
745 2954 923 3038 piscemque
945 2954 1098 3036 sumebat,

275 3059 464 3126 Benedicens
485 3058 584 3144 fregit
606 3081 678 3125 eum
700 3064 732 3124 ct
753 3059 803 3124 his
826 3059 1046 3125 distribuebat.

277 3163 324 3230 Ibi
345 3169 394 3230 ter
417 3189 436 3232 a
458 3165 553 3231 Petro
575 3164 668 3232 Jcsus
691 3170 738 3231 est
761 3187 895 3251 querens
916 3165 1103 3246 sciscitatus,

203 3287 252 3325 ⁰³¹⁶
277 3268 382 3356 Ipsum
406 3293 446 3336 an
469 3271 634 3358 diligeret;
658 3271 711 3336 sed
732 3269 845 3336 Petrus
868 3269 1074 3335 contristatus

277 3373 459 3461 Respondit,
482 3377 566 3462 quod
589 3377 736 3462 diligeret
758 3377 862 3460 ipsum
885 3379 990 3440 mente
1012 3397 1102 3458 pura.

277 3481 368 3548 Jesus
390 3483 454 3547 ait:
480 3483 587 3568 ›Ergo
609 3505 695 3548 meas
718 3481 857 3547 oviculas
880 3501 1024 3565 procura,
1047 3473 1049 3479 ⁴

278 3587 449 3672 Agnosque
471 3589 636 3654 committo
658 3587 720 3652 tibi
742 3607 828 3652 meos
851 3585 890 3650 ad
913 3584 1113 3670 pascendum,

275 3691 510 3778 Ecclesiamqne
534 3692 626 3758 trado
649 3693 708 3758 tibi
731 3713 834 3757 meam
858 3691 897 3755 ad
920 3690 1121 3774 regendum«

129 4003 231 4090 Quod
257 4005 424 4082 dominus
452 4007 629 4104 apparuit
655 4007 846 4102 discipulis
879 4007 919 4078 in
947 4009 1075 4080 monte
1103 4005 1264 4080 Thabor.

207 4231 254 4272 ssa
279 4215 354 4283 Post
376 4217 436 4283 hoc
458 4238 565 4282 omnes
588 4216 734 4301 discipuli
756 4215 834 4282 lesu
856 4219 1071 4280 convenerunt

279 4320 314 4386 In
339 4326 479 4388 montem
501 4319 630 4387 Thabor
653 4317 913 4403 Galilaeibique
935 4324 1131 4400 manserunt,

279 4425 369 4496 lesus
391 4431 427 4492 ut
448 4427 662 4508 mandaverat,
684 4427 789 4519 ipsum
812 4429 1037 4512 exspectantes,
