3080 4938
807 391 849 458 56

254 571 354 650 verit,
388 567 612 654 perpendens¹
646 591 710 634 non
744 569 919 647 nataverit,
958 569 1012 634 sed
1044 568 1078 634 in
1106 591 1164 633 sna
1186 565 1408 634 maledictione

254 677 449 741 cecideritet
475 675 674 759 expiraverit,
699 679 777 759 puto
793 674 877 760 quod
893 674 1140 759 irregularitatis
1156 677 1234 739 nota
1256 674 1407 738 clericum

254 803 455 866 nequaquam
479 783 610 865 tangere
632 779 760 863 poterit.
808 778 884 842 Plus
907 783 955 844 cst
979 783 1085 844 autem
1117 778 1201 863 quod
1223 777 1406 844 huiusmodi

253 885 396 958 custodia
418 885 538 950 clericis
554 885 777 962 demandatur,
807 907 902 968 quam
925 885 1010 969 quod
1034 883 1220 968 simpliciter
1254 883 1405 948 concede·

253 995 341 1056 retur
365 994 437 1072 (art.
474 991 514 1054 14
550 990 567 1073 §
594 993 606 1052 l
643 989 728 1075 quod
762 991 945 1074 praecipitur
976 989 1014 1054 de
1043 990 1211 1056 verborum
1243 989 1407 1076 significa·

252 1097 355 1174 tione,
386 1097 419 1160 in
442 1097 505 1160 hiis
528 1096 599 1160 vide
621 1095 659 1160 dc
681 1095 759 1174 hoc,
783 1099 880 1180 prout
909 1096 1028 1180 legitur
1051 1099 1084 1160 01
1106 1099 1237 1159 11010101
1260 1097 1294 1159 in
1318 1116 1344 1160 c.
1368 1095 1406 1160 dc

252 1201 303 1266 his
324 1201 445 1266 clericis
468 1202 523 1286 qni
547 1251 555 1266 .
580 1251 586 1265 .
612 1250 638 1278 .,
667 1205 699 1265 ct
727 1200 897 1266 Heinricua
926 1199 1033 1266 Bart²
1063 1199 1117 1286 [de
1147 1199 1404 1284 Bartholomaeis]

252 1307 286 1371 in
309 1327 375 1389 cap.
409 1307 456 1370 ita
489 1306 688 1391 quorundam
719 1307 756 1370 de
790 1306 901 1371 iudaeis
925 1313 933 1370 .“
958 1307 990 1390 ..l
1046 1305 1146 1370 Porro
1183 1306 1341 1390 quomodo
1374 1309 1406 1369 et

253 1411 379 1495 quando
402 1409 533 1475 clericus
557 1409 715 1474 efficiatur
742 1411 927 1496 irregularis
956 1411 991 1474 in
1022 1409 1192 1476 homicidio
1225 1409 1277 1476 vel
1306 1411 1405 1474 muti·

252 1517 371 1581 latione
394 1517 427 1580 in
451 1516 554 1594 bello,
588 1517 659 1581 vide
681 1517 716 1580 in
738 1539 862 1581 summa
886 1517 1043 1582 Antonini
1065 1520 1155 1601 parte
1178 1515 1207 1594 3,
1232 1515 1331 1581 titulo
1352 1516 1403 1592 28,
1460 1557 1463 1562 ·

252 1643 320 1706 cap.
345 1623 375 1699 2,
400 1622 418 1705 ὅ
441 1622 461 1686 6
484 1627 516 1686 01
540 1623 569 1687 7.
616 1622 660 1688 Et
683 1644 781 1707 quare
804 1623 925 1687 clericis
948 1624 986 1687 de
1009 1622 1077 1708 iure
1100 1621 1260 1686 communi
1283 1619 1403 1684 bellare

252 1727 431 1806 nonlicet,
461 1731 493 1791 01
521 1727 547 1790 si
571 1727 663 1792 bellis
687 1729 840 1812 interesse
862 1727 1031 1812 contingat
1053 1726 1130 1812 quid
1153 1727 1198 1790 ibi
1221 1726 1325 1790 facere
1349 1726 1404 1790 de·

252 1833 358 1912 beant,
380 1833 452 1898 vide
474 1832 550 1898 ibid.
574 1832 669 1899 1111110
692 1833 723 1913 4,
747 1855 814 1917 cap.
839 1832 869 1910 2,
895 1831 912 1914 ἓ
938 1831 957 1896 6
981 1836 1013 1896 01
1037 1831 1065 1896 7.
1112 1829 1165 1896 Sic
1187 1851 1264 1915 ergo
1288 1831 1401 1895 civitas

253 1941 285 2002 01
313 1939 523 2004 communitas
555 1939 705 2004 ulmensis
735 1937 775 2001 ad
805 1937 934 2002 modum
956 1934 1173 2001 Romanorum
1196 1936 1404 2020 antiquorum

252 2043 429 2108 sacerdotes
445 2042 542 2108 habet
557 2067 615 2128 pro
631 2065 695 2107 01110
710 2041 891 2126 reipublicae
906 2041 991 2106 felici
1007 2046 1189 2126 augmento,
1214 2040 1270 2125 qui
1294 2046 1402 2106 tamen

252 2151 489 2220 communitatis
512 2150 655 2214 membra
677 2170 741 2212 non
764 2152 848 2226 sunt,
872 2168 928 2212 nec
944 2147 983 2210 ad
999 2169 1091 2211 usum
1113 2168 1312 2212 communem
1329 2169 1404 2212 con·

252 2259 395 2335 currunt,
419 2255 472 2320 sed
495 2255 579 2319 inter
603 2255 705 2319 Deum
728 2259 760 2320 01
782 2253 936 2338 populum
952 2253 1101 2318 libertate
1116 2254 1266 2338 gaudent,
1291 2259 1324 2318 01
1339 2275 1402 2317 non

252 2360 335 2424 cives
358 2361 412 2424 sed
435 2361 506 2444 plus
530 2365 562 2425 et
584 2383 681 2444 supra
703 2359 786 2424 cives
810 2363 895 2423 sunt.

768 2565 835 2636 Cap.
861 2567 886 2621 2.

520 2689 578 2755 De
612 2690 856 2756 nobilibus
888 2692 932 2756 in
967 2689 1131 2757 Ulma³.

341 2882 475 2948 Secundi
498 2884 531 2946 in
556 2883 666 2948 ordine
688 2883 774 2948 civili
796 2884 831 2948 in
852 2883 997 2950 Ulmensi
1020 2885 1149 2950 civitate
1171 2889 1247 2950 sunt
1269 2886 1401 2974 nobiles,

253 2989 530 3078 armiscivitatenr
556 2993 757 3074 protegentes
781 2994 813 3054 et
834 2990 905 3054 iura
927 2991 994 3054 eins
1017 2991 1058 3054 ab
1073 2991 1274 3056 invasoribus
1290 2991 1402 3056 defen·

253 3095 369 3158 dentes.
414 3095 466 3158 Ab
489 3094 621 3177 antiquo
645 3094 728 3158 enim
753 3092 919 3160 Ulmenses
948 3101 1179 3161 consueverunt
1211 3096 1402 3161 1101010111-
1473 3091 1476 3098 ’

252 3200 358 3285 signes
375 3205 406 3265 et
421 3221 591 3286 generosos
607 3201 700 3277 viros,
724 3221 839 3284 genere
855 3200 966 3276 claros,
991 3200 1086 3264 armis
1102 3201 1221 3278 doctos,
1241 3201 1402 3285 probitate

252 3303 401 3384 famosoS,
426 3305 480 3388 qui
505 3302 733 3387 rempublicam
758 3305 854 3369 armis
878 3311 911 3369 01
934 3305 1025 3370 bellis
1040 3305 1139 3370 tutati
1155 3311 1240 3384 sunt,
1265 3329 1402 3391 quornm

252 3431 316 3472 non
338 3409 442 3472 solum
472 3407 656 3472 animositas
691 3413 723 3473 01
745 3408 909 3494 ingenium
940 3415 1061 3474 metum
1088 3411 1222 3476 incussit
1253 3410 1401 3486 inimicis,

252 3513 305 3576 scd
329 3512 431 3596 magis
454 3513 579 3598 generis
595 3512 723 3577 claritas
739 3518 771 3578 et
786 3537 911 3579 morum
926 3515 1079 3599 probitas.
1126 3515 1300 3600 Nrmquam
1316 3517 1402 3581 enirn

252 3618 357 3680 conati
380 3622 455 3682 sunt
469 3616 636 3683 Ulmenses
657 3641 747 3684 suam
770 3620 999 3704 rempublicam
1014 3621 1096 3685 111011
1113 3625 1168 3685 001
1184 3643 1301 3706 augere
1317 3621 1403 3685 furia

252 3721 457 3800 rusticorum,
481 3727 537 3788 0111
551 3723 674 3788 saevitia
689 3724 951 3805 latrunculorum,
976 3731 1032 3790 aut
1055 3727 1240 3811 ignotarum
1255 3727 1402 3812 gentium

251 3825 502 3906 inhumanitate,
539 3833 595 3893 aut
625 3852 884 3917 quorumcunque
907 3833 1052 3910 aliorum,
1076 3833 1218 3917 quinon
1241 3831 1403 3897 aestimant

252 3931 427 4010 victoriam,
452 3933 512 3997 nisi
536 3934 680 4000 homines
703 3937 942 4021 prostraverint,
966 3942 998 4001 01
1020 3937 1143 4022 gladios
1169 3937 1326 4022 sanguine
1351 3937 1402 4002 in-

815 4097 832 4136 *

324 4203 337 4256 l
358 4203 413 4257 alle
431 4203 470 4257 hs.
484 4203 574 4258 haben
589 4202 718 4271 pendens,
738 4221 791 4256 nur
803 4202 888 4257 Wibl.
907 4203 958 4258 bat
971 4203 1152 4274 perpendens.
1189 4206 1205 4258 2
1225 4205 1254 4260 01
1271 4205 1313 4259 hs.
1333 4205 1399 4260 bart

253 4291 325 4346 Mon.
339 4291 363 4343 2.
383 4292 410 4344 01
423 4289 568 4344 Heinricus
581 4290 650 4344 Bart
663 4291 748 4345 Wibl.
779 4293 808 4346 et
823 4291 932 4348 Henric.
948 4291 1009 4347 Boit
1022 4291 1090 4348 Golr.
1104 4291 1177 4349 Besa.
1209 4296 1239 4348 et
1250 4293 1401 4348 Heinricna

251 4376 315 4432 Boit
334 4376 432 4432 Schad.
453 4377 495 4433 Kl.
532 4381 548 4433 3
569 4379 594 4432 11
613 4379 679 4434 ordo
692 4378 788 4449 populi
803 4379 940 4434 Vlmensis
954 4379 1022 4435 Golr.
1042 4379 1115 4435 Besa.
1134 4393 1181 4435 0111·
1199 4381 1296 4436 rande.
1334 4381 1401 4435 Hier

251 4465 316 4534 sagn
335 4465 419 4520 Wibl.
440 4466 485 4520 oin
503 4467 557 4521 dan
575 4466 726 4522 deutschen
746 4466 976 4537 »Adlungsbrieff
993 4467 1086 4523 (101011
1107 4467 1130 4521 V
1150 4486 1225 4526 anno
1242 4470 1301 4524 52«
