3034 4922
797 321 860 386 262
952 338 957 350 ·

410 496 525 564 Daniel
547 496 608 562 ait:
634 493 721 562 »Heu
744 499 792 562 est
813 517 904 562 mons
926 495 965 562 de
987 517 1050 581 quo
1072 495 1134 562 fuit
1156 495 1295 582 percisos

411 601 505 686 Lapis
528 601 595 666 sine
617 601 775 681 manibus,
798 623 875 665 nam
896 601 971 666 deus
993 600 1147 666 indivisus

413 705 466 770 Ab
488 727 525 771 ee
547 727 677 772 nascens
699 706 767 772 sine
788 706 892 772 carnis
914 705 1121 772 delectatione

333 831 385 868 tete
411 811 456 878 Et
478 811 545 876 sine
568 811 630 876 viri
651 811 779 876 seminis
801 811 1013 896 operatione<

413 915 559 1001 Baptista
582 938 706 1001 quoque
729 915 848 982 domini
870 915 1033 982 Johannee
1054 920 1189 982 matrem
1211 917 1261 983 dci

289 1023 298 1038 ⁸
413 1019 493 1086 Gum
515 1019 605 1100 vidit,
628 1021 662 1085 in
684 1020 824 1106 tripudio
847 1021 1035 1086 decantabat
1056 1021 1086 1086 ei

413 1125 534 1192 Laudes
557 1124 681 1190 dicens:
707 1126 808 1192 »Ecce
830 1126 918 1191 venit
938 1130 1040 1191 meter
1063 1127 1139 1210 agni
1161 1126 1220 1206 dei,

415 1229 476 1306 Qui
498 1233 626 1314 peccata
649 1230 757 1294 mundi
780 1230 875 1308 tollit,
899 1237 936 1296 ut
958 1228 1188 1315 prophetatam
1210 1232 1249 1296 ei.

337 1353 388 1390 τωο
416 1333 483 1398 Hco
505 1337 553 1398 est
574 1332 630 1398 illa
652 1337 781 1418 propter
803 1356 899 1418 quam
920 1356 992 1399 cum
1014 1335 1307 1404 adhuemanehom

416 1437 454 1504 In
477 1443 586 1504 ventre
607 1439 719 1504 matris
742 1440 937 1520 exultabam,
961 1445 1145 1524 presentem'
1159 1463 1233 1505 nem
1255 1417 1404 1523 sciebam,
1506 1443 1507 1470 ³

415 1543 459 1609 Et
481 1566 553 1609 eum
574 1543 644 1629 ipsa
665 1543 851 1631 genitricem
872 1567 975 1612 meam
996 1545 1166 1624 salutabat,

416 1647 465 1714 Im
486 1670 554 1714 mee
576 1649 688 1714 matris
710 1653 800 1716 utero
822 1671 877 1716 cor
898 1673 1005 1718 meum
1025 1648 1199 1716 exultabat.

417 1751 568 1838 Concepit
589 1753 648 1818 hec
669 1757 702 1817 et
724 1755 846 1838 peperit
866 1777 997 1820 manens
1018 1755 1200 1834 incontacta

339 1877 391 1915 rus
417 1857 528 1944 Virgo,
552 1879 625 1924 cero
647 1858 747 1923 deitas
770 1860 803 1923 in
825 1882 862 1925 ea
883 1881 957 1928 nam
979 1865 1028 1926 est
1050 1861 1142 1926 facta

418 1961 463 2029 Et
486 1964 546 2028 hoc
568 1985 693 2048 quoque
715 1963 835 2029 factum
858 1969 906 2030 est
927 1987 977 2030 me
999 1965 1221 2050 preconizante

417 2068 552 2154 Meoque
574 2067 742 2134 nativitate
763 2091 814 2134 me
836 2069 1083 2154 preambulante.
1196 2157 1200 2162 Δ

419 2173 520 2266 Maria
541 2196 666 2260 quoque
688 2173 821 2258 virginis
844 2175 1033 2240 sanctissimi
1046 2179 1201 2259 ‚parentes

417 2277 564 2344 Joachim
586 2283 619 2344 et
642 2280 737 2344 Anna
757 2301 847 2344 suam
871 2279 968 2345 filiam
991 2281 1142 2360 videntes,

342 2403 393 2442 πω
418 2383 455 2450 In
478 2385 631 2450 honorem
652 2382 754 2470 glorio
776 2387 843 2450 tam
864 2405 980 2470 magne
1003 2385 1190 2463 venientem,

420 2488 527 2573 Atque
549 2511 644 2574 super
666 2489 853 2574 angelorum
875 2489 988 2556 choros
1011 2489 1239 2566 escendentem,

420 2593 607 2660 Gaudebant
629 2597 755 2658 tentum
777 2594 964 2674 exultantes,
988 2593 1071 2678 quod
1094 2615 1157 2658 non
1180 2590 1322 2660 eadmeri

419 2697 539 2778 Posset,
562 2719 620 2764 nec
642 2697 682 2764 ab
705 2697 813 2782 aliquo
834 2699 927 2764 corde
949 2697 1093 2783 eogitari.

420 2802 539 2887 Joseph
562 2803 761 2868 beatissimus
783 2807 815 2869 et
838 2826 909 2870 vere
933 2803 1127 2869 venerandus

343 2926 394 2964 τω
421 2906 482 2972 Pre
503 2908 624 2974 cunctis
646 2909 764 2974 sanctis
786 2909 872 2974 curie
893 2908 1016 2974 celestis
1039 2905 1276 2984 collaudandus,

420 3015 465 3079 Et
487 3017 610 3080 amator
632 3013 797 3094 castitatis,
821 3035 857 3080 ao
878 3015 1039 3098 speculum
1062 3011 1200 3091 virtutis,

422 3117 614 3184 Observator
636 3119 788 3200 caritatis,
811 3120 939 3186 initium
962 3120 1084 3198 salutis,

420 3221 570 3288 Omnium
593 3223 845 3288 christicolarum
868 3228 900 3288 et
922 3223 1041 3288 Christi
1064 3223 1258 3308 pedagogam,

420 3325 527 3412 Atque
549 3349 682 3412 sponsus
706 3328 840 3414 virginis
863 3327 964 3394 Mario
986 3329 1156 3414 gratiosus,

342 3451 395 3489 που
421 3431 577 3516 Sponsam
599 3455 689 3498 suam
713 3433 869 3520 virginem
891 3433 1027 3500 Mariam
1049 3455 1121 3498 oum
1143 3433 1282 3510 vidisset,

420 3537 511 3614 Quod
533 3559 605 3602 cum
627 3543 719 3604 tanta
740 3539 844 3624 gloria
866 3539 948 3606 celos
970 3539 1169 3618 ascendisset,

422 3642 599 3707 Exultabat
619 3642 759 3708 iubilens
781 3648 813 3708 et
835 3642 1039 3727 tripudiabat,

422 3745 639 3810 Benedioeudo
661 3747 823 3812 dominum
846 3748 951 3812 dicens
974 3747 1186 3812 exclamabat:

423 3849 541 3914 »Eccet
565 3872 635 3915 mea
657 3852 794 3932 domina,
817 3873 888 3918 mea
908 3853 1057 3936 speciosa,

344 3973 395 4010 ⁷⁸⁶⁵
422 3954 495 4020 Mea
517 3956 716 4037 venerabilis,
738 3979 809 4022 mea
830 3957 973 4042 gratiosa

422 4057 543 4143 Sponsa
565 4061 652 4126 venit
673 4062 712 4128 de
733 4063 876 4128 terrestri
901 4061 1099 4130 habitatione

422 4164 501 4228 Oum
524 4166 663 4249 corporis
686 4171 718 4232 et
740 4169 844 4234 anime
866 4167 1107 4253 glorificatione.

423 4267 491 4333 Hac
513 4275 561 4335 est
582 4271 638 4335 illa
661 4273 749 4338 cuius
772 4296 857 4340 eram
880 4277 985 4338 custos
1009 4275 1175 4354 castitatis,

422 4373 466 4440 Et
488 4379 591 4440 rector
613 4376 773 4463 pudicitie,
797 4401 850 4444 seu
874 4377 1087 4468 virginitatis3
