3080 4938
559 1291 804 1397 ¹Principale
839 1295 887 1378 ΙΙ.

305 1447 347 1514 lle
371 1464 524 1514 mensura
546 1449 674 1533 antiqui
698 1449 809 1534 oppidi
834 1454 868 1516 et
891 1451 962 1517 eius
985 1452 1161 1536 parvitate.

674 1641 740 1714 Gap.
761 1643 785 1697 1.

408 1765 466 1830 De
499 1767 698 1852 antiquo
730 1766 901 1851 oppido
935 1763 1045 1834 Ulm.

240 2016 421 2103 Antiquom
443 2017 595 2102 oppidum
617 2015 778 2096 ulmensc‚
801 2017 891 2084 cuius
914 2018 997 2084 muri
1019 2017 1113 2084 bodie
1137 2027 1302 2106 apparent,

152 2129 186 2190 et
208 2123 377 2188 circuitum
401 2123 535 2188 liberum
559 2144 752 2208 pergyrum
782 2123 816 2188 in
844 2123 914 2208 ipsa
937 2145 1020 2189 nova
1042 2123 1172 2190 civitate
1194 2125 1302 2206 habet,

151 2228 269 2294 habuit
290 2229 325 2293 in
348 2249 429 2314 gyro
444 2229 507 2294 duo
523 2229 613 2293 milia
628 2232 661 2293 et
676 2232 803 2293 centum
818 2250 979 2312 passuum,
1003 2234 1135 2315 eratque
1152 2232 1303 2316 oppidum

151 2333 325 2400 rotundum
348 2333 533 2400 fortissimis
564 2335 663 2398 muris
692 2333 731 2397 de
763 2333 927 2418 quadratis
956 2334 1113 2420 sectisque
1143 2335 1302 2420 lapidibus

150 2440 322 2506 munitum.
368 2439 413 2506 ut
435 2439 513 2506 duas
529 2443 638 2524 portas
654 2438 777 2517 habuit,
801 2461 898 2503 unam
913 2439 953 2504 ad
968 2438 1155 2506 orientalem
1171 2440 1300 2527 plagam

149 2545 211 2610 sub
234 2549 322 2611 turre
344 2545 502 2610 balistarii
526 2567 597 2631 quae
620 2566 704 2610 nunc
726 2545 825 2610 turris
840 2549 873 2610 et
895 2545 1041 2610 custodia
1058 2543 1301 2612 malefactorum

149 2655 202 2718 eat
216 2655 249 2716 el
261 2651 440 2737 antiquitus
450 2651 614 2717 dicebatur
625 2654 718 2736 porta
729 2649 887 2714 balistarii
901 2649 1077 2734 vulgariter
1086 2651 1123 2716 du
1131 2651 1301 2718 subtituen-

149 2755 246 2834 tor¹‚
279 2757 354 2841 quia
375 2757 408 2820 in
432 2777 470 2820 ca
491 2755 676 2822 balistarius
699 2754 876 2834 residebat,
909 2756 992 2821 uude
1023 2755 1126 2822 adhuc
1148 2757 1243 2824 hodie
1266 2759 1300 2822 in

149 2862 219 2947 ejus
241 2863 373 2947 pariete,
396 2883 468 2947 quae
483 2866 596 2927 contra
617 2861 745 2926 hortum
762 2861 1008 2945 praedicatorum
1023 2866 1081 2940 eat,
1105 2861 1223 2928 balista
1245 2863 1300 2928 de·

148 2967 238 3052 pieta
259 2966 409 3032 cernitur.
455 2965 530 3032 Alia
552 2971 645 3051 portu
667 2970 736 3032 erat
756 2966 796 3031 ad
818 2965 947 3050 plagam
970 2965 1206 3046 occidentalem,
1220 2961 1300 3052 'quar

147 3072 315 3138 dicebatur
335 3070 581 3156 portulacam,
605 3071 663 3136 sub
681 3075 880 3155 tamquam
896 3093 980 3136 nuuc
996 3071 1163 3136 nominant
1183 3073 1300 3138 turrim

147 3177 320 3256 minorum,
342 3176 376 3240 iu
400 3176 489 3242 ouius
512 3175 639 3262 signum
663 3175 767 3242 adhuc
782 3176 814 3240 in
831 3179 923 3260 parte
942 3176 1092 3241 exteriori
1108 3181 1209 3260 pcrtoe
1224 3182 1300 3242 sunt

147 3283 212 3346 duo
227 3281 333 3346 leones
348 3279 465 3366 sculpti
479 3281 512 3346 in
528 3280 659 3364 lapides,
676 3284 800 3364 portam
812 3281 1025 3346 observantes.
1065 3280 1176 3346 Murus
1192 3285 1298 3346 autem

147 3407 268 3472 gyrans
291 3386 440 3472 oppidum
465 3385 654 3452 trahebatur
676 3408 696 3450 a
717 3389 806 3451 turre
822 3384 1062 3450 malefactorum
1078 3390 1190 3451 contra
1206 3387 1298 3470 aqui·

146 3491 253 3556 leuem
276 3513 333 3576 per
353 3493 458 3558 uicum
481 3491 537 3576 qui
552 3495 601 3556 eat
616 3490 700 3556 inter
721 3513 849 3556 murum
870 3489 1036 3556 eremitarii
1057 3489 1299 3574 praedicatorum

147 3601 181 3672 et
203 3597 288 3662 inter
309 3597 437 3662 domum
459 3594 586 3662 Nicolai
610 3595 772 3662 Besserers
794 3601 828 3662 et
850 3595 959 3662 Sancti
982 3593 1110 3662 Nicolai
1132 3593 1297 3680 capellam,

146 3706 181 3767 et
202 3701 336 3767 ultorium
360 3701 608 3787 protendebatur
629 3705 742 3766 contra
762 3700 895 3766 eborum
926 3699 1055 3785 capellas
1078 3699 1186 3766 Saucfi
1209 3700 1297 3767 Petri

146 3829 205 3892 per
227 3805 331 3874 locum
358 3807 392 3872 iu
422 3827 486 3892 quo
515 3818 600 3872 nunc
631 3805 742 3872 domus
764 3804 924 3872 lobannis
948 3804 1102 3892 fliengers
1133 3809 1216 3888 stat,
1251 3807 1298 3872 ita

146 3913 232 3998 quod
254 3911 359 3996 paries
381 3911 449 3977 alta
470 3911 609 3978 eiusdem
625 3911 736 3978 domus
753 3911 917 3977 orientalis
932 3915 998 3978 stat
1018 3933 1113 3998 super
1128 3912 1297 3997 antiquum

145 4039 274 4084 murum
297 4019 395 4101 prout
416 4017 536 4102 optime
558 4017 716 4096 comitur,
739 4021 772 4082 et
794 4017 880 4082 inter
910 4021 1007 4103 caput
1037 4018 1165 4103 capellae
1188 4017 1297 4084 Sancti

216 4255 230 4310 1
251 4252 292 4308 Da
308 4251 448 4308 scbuitaer
467 4253 512 4308 tor
530 4251 647 4310 nonu
684 4251 830 4308 Schnitasr
842 4250 907 4308 thcr
921 4247 1019 4308 Schad.
1039 4251 1083 4309 lll.
1102 4249 1224 4308 Schmid.
1245 4249 1296 4308 uu.

144 4339 455 4488 l(liuhuirlcbvuglsierlbor
473 4341 559 4398 Wlbl.
596 4339 659 4396 Dall
684 4339 893 4396 Sebritaertbor
919 4339 992 4396 Besa.
1037 4339 1077 4396 Da
1094 4337 1296 4396 Scblltaentbcr
