3014 4926
669 342 732 413 153

271 519 345 590 Una
365 520 500 609 viffl‘lare
521 543 644 588 mecum
667 523 756 604 hora,
779 521 835 607 qui
857 521 976 602 dixisti,

271 627 360 704 Quod
382 632 418 693 tu
441 651 498 713 pro
520 651 571 694 me
593 629 675 694 mori
697 627 803 708 velles,
827 628 881 694 sed
902 627 1029 692 infirma
1051 647 1124 691 caro

269 735 329 800 Est
351 738 382 799 et
404 739 570 820 promptus
593 734 733 819 spiritus,
756 734 815 799 hec
836 734 1027 798 concordant
1049 753 1152 797 raro<

269 839 314 905 Et
336 863 478 906 reversus
501 845 559 922 est,
582 862 758 906 sermonem
781 839 919 925 priorem
941 838 1035 905 Jesus
1057 841 1137 916 orat,

192 963 243 1001 cru
270 941 330 1009 Per
351 946 409 1011 hec
430 945 528 1012 verba
548 951 671 1031 patrem
694 946 761 1012 eius
783 945 899 1010 iterum
920 943 1087 1028 implorat:

272 1051 386 1117 »Pater
407 1051 434 1116 si
457 1051 593 1118 transire
614 1053 734 1136 nequit,
758 1051 820 1116 nisi
841 1050 960 1130 bibam,
983 1047 1059 1114 bibo

267 1153 363 1222 Hunc
384 1157 523 1237 calicem,
546 1177 605 1242 pro
627 1157 732 1224 seculo
754 1179 868 1242 corpus
890 1177 995 1221 meum
1016 1153 1099 1230 lib03

267 1259 402 1347 Fiatqua
424 1262 571 1338 voluntas
592 1266 659 1342 tua,
683 1283 747 1328 non
769 1261 851 1327 sicut
873 1281 933 1346 ego
956 1259 1037 1340 volo,

268 1365 329 1434 Sed
352 1369 385 1432 iu
407 1389 458 1434 me
479 1368 545 1449 fiat,
568 1368 652 1453 quod
667 1367 712 1433 'tu
733 1368 791 1448 via,
814 1366 900 1432 aliud
921 1388 996 1431 uam
1019 1362 1122 1429 nolo«

191 1491 241 1530 ricc
268 1471 357 1538 Tunc
379 1472 460 1538 redit
482 1473 522 1538 ed
544 1471 714 1558 discipulos
736 1475 768 1540 et
789 1472 838 1536 illi
860 1471 1066 1550 dormierunt,

267 1575 388 1642 Eorum
410 1577 504 1642 nimis
526 1576 609 1642 oculi
632 1576 757 1664 gravati
779 1598 853 1649 nam
875 1575 1015 1641 fuerunt.

271 1679 336 1747 »Ut
357 1681 448 1748 nulla
470 1703 527 1748 vos
548 1681 716 1767 temptatio
738 1681 832 1762 ledat,
856 1682 1006 1769 vigilate«

272 1783 373 1865 Dixit,
398 1784 497 1851 »hora
517 1785 623 1851 subito
645 1785 759 1864 veniet,
782 1787 907 1850 orate!‹

271 1888 379 1954 Tertio
401 1913 544 1957 reversus
567 1895 615 1957 est
637 1891 770 1956 eundem
793 1912 849 1975 per
870 1913 1056 1970 sermonem,

194 2011 245 2050 ωδ
270 1992 398 2060 Patrem
420 1995 487 2062 eius
509 1996 660 2062 invocans
682 1995 820 2080 complet
842 1995 1025 2061 orationem

267 2096 351 2164 Hinc
372 2100 456 2166 redit
477 2101 518 2166 ad
539 2099 718 2186 discipulos,
742 2099 864 2166 dicans:
890 2097 1003 2166 »Nunc
1025 2098 1161 2164 dormito

268 2203 374 2290 Atque
396 2206 591 2290 requiescite,
611 2206 677 2272 iam
699 2205 776 2271 sctis
798 2210 865 2285 cst3
888 2206 1009 2284 renite3

270 2305 372 2375 Utin
393 2331 506 2376 manus
529 2315 728 2395 peccatorum
750 2310 859 2376 tradar
882 2311 969 2376 venit
990 2310 1080 2390 hora,

268 2411 329 2492 Qui
350 2436 401 2481 me
422 2414 527 2480 tradet
548 2415 828 2502 approquinquans
850 2416 969 2514 accedit
990 2415 1058 2483 siue
1079 2437 1199 2481 mora«

339 2731 443 2818 Quod
470 2731 581 2808 desua
608 2737 741 2830 captus
768 2735 826 2809 cat
852 2756 875 2806 a
901 2733 927 2806 J
929 2735 1014 2808 uda.

193 2958 243 2998 κω
267 2939 368 3006 Judas
390 2941 648 3027 appropinquans
670 2946 748 3023 erat,
772 2941 874 3007 adhuc
896 2941 972 3008 Jesu
995 2943 1153 3028 loquente,

265 3045 374 3111 Turba
395 3067 511 3132 magna
532 3045 706 3113 Judeorum
728 3069 799 3113 cum
821 3049 890 3133 ipsc
913 3048 1066 3113 veniente.

267 3147 378 3217 Fusias
401 3156 498 3236 atque
519 3151 642 3238 gladios
663 3151 835 3237 portabant
856 3158 953 3238 atque
974 3151 1069 3232 feces,

268 3255 314 3320 At
335 3257 445 3322 mitem
468 3278 587 3342 agnum
612 3257 771 3323 venientes
793 3263 829 3323 ut
851 3258 919 3342 lupi
942 3279 1079 3342 rapaces.

263 3359 355 3426 Dixit
377 3361 421 3426 eis
443 3361 597 3427 traditor:
622 3361 737 3428 »Illum
757 3364 902 3443 teneatis,

193 3483 243 3524 uo
269 3465 369 3543 Quem
391 3467 550 3532 osculatus
572 3467 672 3548 fuero,
695 3473 847 3554 cauteque
869 3469 1019 3535 ducatis<

268 3567 328 3638 Sed
350 3572 507 3658 benignus
529 3573 574 3638 eis
596 3572 689 3638 Jesua
712 3573 838 3639 obuiam
861 3573 1022 3660 processit,

267 3675 407 3744 Offerens
429 3700 462 3744 se
483 3682 596 3762 sponte
617 3701 675 3743 sua
698 3677 779 3743 nihil
803 3679 990 3763 expavescit,

268 3781 312 3847 Et
333 3783 397 3848 ait:
423 3781 543 3861 »Quem
566 3783 730 3869 queritis«,
753 3784 793 3848 ad
815 3784 920 3868 ipsum
942 3805 1013 3848 cum
1036 3787 1208 3861 veneruut3

268 3884 398 3952 ›Jesom
419 3887 511 3952 illum
532 3885 753 3952 Nazarenum«
776 3887 826 3951 illi
848 3888 1086 3973 responderunt.

190 4007 240 4046 ⁴⁴⁷⁰
265 3989 357 4056 Jesus
379 3993 442 4058 ait:
467 3991 557 4078 »Ego
580 4013 682 4057 sum«.
728 3989 798 4058 Hoc
820 4013 892 4058 cum
914 3993 1111 4072 audiverunt,

265 4095 453 4163 Avertentes
475 4119 509 4163 se
530 4099 702 4164 retrorsum
726 4099 766 4164 ad
787 4103 906 4164 terram
928 4105 1124 4165 corruerunt.

266 4199 358 4266 Jesua
380 4203 425 4268 ait
446 4204 580 4269 iterum:
606 4203 677 4270 »Ad
699 4205 776 4290 quid
799 4225 853 4270 vos
876 4205 1016 4284 venistis,
1155 4208 1161 4218 '

267 4303 365 4381 Quem
388 4307 520 4392 queritis
543 4313 575 4374 et
597 4331 694 4394 quare
717 4333 800 4376 nunc
824 4312 861 4376 ad
886 4315 1004 4377 terram
1026 4309 1209 4376 cecidistis«

267 4407 421 4480 Dixeruut
442 4412 491 4480 hi:
515 4411 604 4484 »Nos
626 4416 769 4486 venimus
791 4417 830 4488 cd
852 4415 963 4488 Jcsum
983 4414 1217 4504 inquirendum,
