3034 4922
674 363 738 434 243
795 413 799 422 -

290 547 349 614 Per
371 569 479 613 omnes
501 547 611 612 mundi
634 546 786 613 terminos
810 550 842 612 et
866 568 917 612 eos
941 544 1172 632 transportavit

291 653 348 719 Per
372 677 445 719 aera
467 652 652 732 Jerusalem,
677 658 709 718 et
731 653 826 717 simul
849 653 1017 717 collocavit

290 761 375 825 Ante
396 759 479 824 fores
503 759 559 824 ubi
581 757 658 824 Jesu
681 765 784 824 mater
805 759 1000 839 morabatur,

288 864 396 950 Atque
419 888 511 930 suum
534 867 706 930 transitum
727 866 792 930 iam
814 851 1059 950 prestolabatur.

213 989 264 1026 ²²³⁰
289 970 437 1056 Apostoli
459 993 492 1036 se
513 975 625 1035 mutuo
648 971 789 1035 videntes
812 969 1023 1048 mirabantur,

290 1075 452 1152 Quomodo
475 1077 680 1141 convenerint
702 1079 734 1140 et
756 1075 851 1140 nimis
875 1075 1067 1153 letabuntur,

292 1181 492 1247 Alterutrum
514 1182 598 1266 quod
621 1182 755 1246 invicem
777 1203 843 1246 sese
866 1185 1106 1266 conspexerunt,
1150 1199 1151 1202 ’

292 1285 371 1351 (lum
394 1285 501 1351 osculo
523 1285 728 1370 suscipientes
750 1309 783 1350 se
805 1285 1033 1350 salutaverunt.

291 1391 380 1456 Tunc
402 1390 565 1456 Johannes
588 1413 607 1456 a
629 1391 733 1456 Maria
755 1391 883 1456 domum
905 1391 1031 1455 exiebat

215 1515 266 1552 aas
292 1497 335 1562 Et
358 1501 431 1562 ante
454 1496 537 1562 fores
559 1483 768 1583 congregatos
793 1495 952 1580 apostolos
974 1496 1110 1574 videbat,

291 1601 375 1680 Quos
398 1625 469 1668 cum
493 1603 573 1668 vidit
595 1603 769 1668 maximum
791 1601 944 1688 gaudium
966 1601 1119 1684 concepit,

293 1708 336 1774 Et
358 1709 397 1773 ad
420 1710 506 1794 pacis
529 1707 671 1774 osculum
694 1707 837 1794 singulos
860 1707 1006 1791 suscepit.

291 1812 344 1878 Illi
365 1837 441 1880 vero
464 1837 483 1879 a
505 1812 652 1879 Johanne
674 1836 730 1879 cur
751 1813 905 1890 venerint,
930 1811 1105 1896 querebant

293 1919 337 1984 nt
359 1921 512 1988 adventus
535 1921 584 1984 sui
607 1941 734 1984 causam
752 1919 796 1983 'ab
820 1921 890 2003 ipso
912 1917 1153 2002 cognoscebant.

219 2041 269 2078 ruo
299 2022 384 2108 Ilrgo
407 2024 536 2088 domurn
558 2024 597 2088 ad
619 2023 757 2088 Mariam
779 2023 898 2108 pariter
920 2023 1084 2087 intrabant

199 2169 203 2176 -
294 2127 337 2194 Et
359 2153 429 2195 eam
451 2129 541 2194 flexis
564 2128 698 2214 genibus
722 2151 828 2193 omnes
852 2127 1035 2193 adorabant.

191 2445 293 2530 Quod
312 2447 430 2522 Maria
456 2448 586 2542 gavisa
613 2449 736 2522 estin
764 2448 929 2522 adventu
958 2447 1226 2542 apostolorum.

294 2658 396 2724 Maria
417 2659 509 2744 virgo
532 2635 649 2724 lectulo
672 2659 860 2724 decumbens
884 2680 956 2722 cum
979 2657 1118 2735 vidisset,

294 2763 384 2840 Quod
407 2763 446 2829 ad
469 2787 561 2828 sunm
584 2765 708 2829 obitum
730 2768 832 2829 omnis
855 2764 1053 2828 convenisset

294 2867 519 2953 Apostolorum
542 2867 723 2948 multitudo,
747 2863 860 2953 spiritu
883 2867 1061 2954 gaudebat;

218 2992 268 3028 ⁷²⁴⁶
293 2971 377 3038 Nam
400 2995 418 3038 a
440 2995 497 3038 suo
519 2971 587 3038 filio
610 2973 810 3038 transmissos
833 2973 891 3037 hos
915 2973 1042 3037 sciebat.

295 3075 444 3164 Singulos
467 3079 639 3163 suscipiens
662 3079 797 3164 benigne
819 3077 981 3156 salutavit,

297 3183 339 3250 Ut
362 3184 491 3268 propius
514 3184 696 3249 accederent
718 3185 757 3248 ad
779 3206 848 3248 eam
870 3181 1053 3268 postulavit.

297 3287 439 3374 Ipsisque
460 3311 517 3373 per
540 3290 682 3355 ordinem
705 3293 818 3355 cuncta
840 3289 1001 3368 revelavit,

296 3393 362 3469 Que
383 3393 469 3459 fflius
492 3396 697 3460 mandaverat
719 3401 751 3460 et
774 3417 825 3460 eos
848 3398 923 3458 tunc
946 3392 1082 3478 rogavit,

221 3516 271 3554 rao
296 3497 342 3564 Ut
365 3521 478 3585 corpus
502 3503 568 3566 eius
591 3501 795 3580 custodirent,
817 3501 878 3564 hoc
900 3521 939 3563 ne
962 3499 1135 3582 raperetur,

298 3601 364 3668 Nec
386 3627 405 3668 a
426 3603 537 3670 Judeis
559 3606 665 3690 impiis
688 3605 762 3670 huic
783 3603 978 3684 illuderetur,
996 3672 1007 3691 ,

298 3707 341 3773 Et
362 3732 462 3795 usque
485 3711 567 3776 diem
590 3711 720 3775 tertium
742 3709 821 3774 illud
844 3711 1057 3790 observarent,

297 3811 363 3879 Nec
384 3837 446 3879 non
469 3814 530 3879 hoc
551 3815 755 3880 custodiendo
776 3817 868 3878 nocte
891 3814 1070 3899 vigilarent.

190 4129 245 4204 De
270 4131 421 4227 planctu
449 4131 704 4228 apostolorum
732 4131 771 4204 in
798 4133 906 4205 obitu
932 4131 1050 4207 Maria
1077 4135 1243 4229 virginis.

300 4341 444 4427 Apostoli
467 4341 568 4410 Maria
591 4341 702 4406 matris
724 4340 895 4406 discessum
918 4341 1078 4406 audientes

222 4463 273 4504 πω
299 4445 455 4533 Ceperunt
476 4469 584 4513 omnes
608 4446 776 4526 lacrimari,
799 4446 987 4531 plangentes
1009 4451 1041 4511 et
1064 4446 1218 4511 dieentes:

1025 4551 1056 4606 16
1066 4551 1079 4578 *
