3080 4938
808 393 852 460 54

341 567 455 648 Quarti
477 568 681 636 honorabiles
703 574 736 635 et
757 570 906 658 modesti,
927 593 983 654 per
1007 592 1086 655 quos
1111 569 1251 636 consiliis
1267 573 1300 636 et
1314 571 1409 637 auxi·

253 677 305 742 liis
327 677 463 743 fovetur.

343 783 455 860 Quinti
478 782 693 868 negotiatores
717 785 749 846 et
764 780 896 865 experti,
920 803 975 866 per
999 803 1078 866 quos
1094 786 1323 866 augmentatur
1338 807 1407 850 res-

252 890 380 974 publica
402 893 434 954 et
457 887 652 953 delectabilis
675 886 827 951 redditur.

339 992 428 1058 Sexti
444 993 640 1058 laboratores
657 995 689 1057 et
705 989 890 1070 mechanici,
907 1013 963 1075 per
981 1013 1060 1076 quos
1077 993 1253 1076 respublica
1270 1017 1406 1078 praser-

253 1104 347 1165 vatur
370 1104 402 1164 et
425 1101 630 1164 restauratur.

340 1203 474 1290 Septimi
498 1203 647 1283 forenses,
670 1202 863 1282 comitativi,
886 1223 943 1286 per
966 1225 1045 1288 quos
1069 1205 1247 1288 respublica
1269 1211 1406 1271 ornatur

252 1314 284 1376 εὴ
306 1311 481 1376 decoratur.

338 1416 399 1482 Est
421 1421 535 1494 auum,
550 1414 685 1505 pulchra
707 1415 926 1479 concatenatio
951 1417 1094 1482 omnium
1115 1417 1242 1497 horum,
1266 1441 1404 1504 quorum

252 1523 347 1608 primi
380 1527 456 1586 sunt
478 1520 569 1606 quasi
600 1521 762 1606 glutinum
793 1543 902 1585 omnes
937 1528 1143 1605 connectens,
1177 1526 1305 1590 secundi
1329 1549 1404 1591 vero

251 1651 348 1713 supra
370 1628 482 1692 tertios
504 1628 538 1691 in
567 1627 737 1710 aliquibus,
761 1627 795 1690 in
817 1625 977 1712 aliquibus
993 1629 1037 1693 eis
1053 1633 1230 1714 aquantur,
1254 1631 1299 1695 sic
1315 1633 1404 1696 tertii

251 1757 348 1819 supra
371 1737 501 1819 quartos
524 1737 556 1798 et
578 1733 625 1796 ita
647 1736 884 1818 consequenter,
910 1739 946 1798 ut
967 1733 1002 1798 in
1024 1734 1161 1820 singulis
1183 1735 1315 1818 patebit.

767 1941 834 2014 (lap.
859 1943 882 1998 1.

475 2068 534 2132 De
567 2067 897 2133 sacerdotibus
930 2069 972 2131 in
1008 2066 1174 2132 Ulma¹.

338 2261 521 2328 Sacerdotes
555 2263 588 2328 in
618 2263 705 2328 omni
737 2267 832 2349 gente
855 2267 887 2329 et
915 2263 1060 2328 inomni
1093 2269 1234 2349 tempore
1262 2265 1400 2348 supremi

252 2373 328 2434 sunt
350 2370 454 2434 habiti
475 2369 510 2434 in
533 2392 664 2435 numero
687 2369 854 2434 hominum
877 2373 909 2434 et
933 2369 1025 2455 quasi
1048 2369 1093 2434 dii
1109 2369 1258 2454 reputati,
1282 2393 1341 2457 pro
1364 2393 1400 2436 eo

251 2475 335 2560 quod
358 2479 433 2540 sunt
455 2475 551 2540 medii
572 2475 657 2540 inter
671 2475 774 2540 Deum
798 2479 830 2540 et
849 2475 1002 2560 populum
1018 2475 1196 2557 constituti,
1220 2481 1257 2541 ut
1272 2481 1398 2542 sanctus

251 2579 390 2646 Thomas
413 2580 433 2644 3
456 2584 566 2664 parte,
590 2585 701 2665 quaest.
727 2581 768 2644 22
792 2585 852 2644 art.
887 2585 900 2643 l
934 2581 1042 2646 habet.
1087 2579 1173 2646 Nam
1203 2587 1399 2648 sacramenta

251 2689 283 2750 et
305 2685 368 2750 alis
391 2685 498 2750 divina
520 2685 681 2771 mysteria,
706 2707 775 2770 quae
799 2689 874 2750 sunt
896 2685 965 2764 Dei,
991 2685 1108 2770 populo
1133 2687 1340 2768 ministrant,
1367 2691 1399 2752 et

158 2875 161 2882 Ι
251 2791 409 2856 orationes
432 2813 468 2855 ac
490 2789 677 2870 oblationes,
703 2812 773 2875 quae
795 2794 870 2854 sunt
892 2789 1069 2868 hominum,
1094 2789 1163 2855 Deo
1186 2791 1343 2873 offerunt,
1366 2796 1398 2856 ct

251 2897 311 2961 boc
333 2899 435 2980 agunt
456 2917 520 2960 non
551 2901 618 2960 tam
642 2918 700 2980 pro
730 2895 956 2979 optimatibus,
988 2917 1085 2979 quam
1114 2917 1172 2980 pro
1201 2896 1336 2962 infirmis
1367 2903 1398 2962 et

250 3001 450 3086 pauperibus.
499 2999 591 3067 Unde
613 3023 676 3065 non
692 2999 899 3063 includuntur
915 2999 1010 3063 alicui
1026 3001 1171 3065 societati
1190 3001 1318 3083 civium,
1341 3025 1398 3068 nec

250 3109 326 3172 sunt
344 3103 519 3187 hunftales,
552 3106 605 3170 sed
635 3109 709 3170 sunt
740 3125 836 3188 supra
866 3104 1069 3170 inst'tuentes
1093 3107 1218 3172 aunftas
1250 3111 1283 3173 et
1313 3107 1398 3172 infra

249 3209 432 3276 zunftarum
455 3211 608 3292 ordinem,
632 3209 875 3293 complectentes
891 3213 993 3273 totam
1008 3211 1270 3277 communitatem
1285 3210 1307 3276 ².
1348 3211 1398 3278 Si-

250 3321 304 3381 cut
318 3315 405 3380 Deus
428 3320 476 3380 est
491 3314 597 3380 omnia
612 3313 646 3378 in
662 3313 818 3394 omnibus,
842 3335 898 3379 nec
921 3319 1028 3380 tamen
1043 3321 1091 3380 est
1106 3316 1227 3401 aliquid
1246 3317 1397 3400 omniurn,

250 3445 307 3486 nec
329 3422 362 3484 in
386 3421 629 3506 praedicamento
644 3418 807 3506 ponitur⁸‚
832 3421 876 3484 sic
892 3421 1071 3506 parimodo
1094 3428 1170 3486 sunt
1185 3423 1243 3488 Dei
1261 3423 1397 3488 ministri

250 3527 436 3606 sacerdotes,
461 3547 539 3610 quos
563 3525 660 3608 elegit
683 3525 768 3589 Deus
791 3547 829 3588 ex
852 3525 1009 3590 omnibus.
1055 3525 1149 3592 Unde
1176 3526 1347 3594 Deuteron.
1365 3529 1397 3594 ⁴:

250 3631 343 3718 Elegi
369 3655 421 3696 vos
445 3632 482 3697 de
504 3631 626 3696 eunctis
648 3629 796 3695 tribubus
819 3627 941 3695 Israhel
964 3635 1000 3695 ut
1024 3633 1133 3696 essetis
1156 3634 1227 3698 mei.
1269 3639 1398 3720 propter

250 3739 335 3823 quod
357 3761 376 3802 a
398 3737 552 3802 servitute
575 3741 606 3801 et
637 3736 795 3821 potestate
823 3735 1013 3800 secularium
1044 3737 1181 3822 exempti
1204 3743 1335 3804 suntet
1358 3741 1398 3805 ab

250 3843 336 3907 omni
359 3843 522 3906 exactione
544 3841 647 3920 liberi,
665 3841 755 3930 'unde
778 3845 916 3925 augusta
937 3841 997 3906 hac
1019 3841 1168 3908 libertate
1191 3843 1300 3908 donati
1323 3850 1399 3910 sunt

250 3947 332 4012 serui
356 3946 485 4028 Christi,
509 3951 546 4011 ut
568 3969 639 4012 curn
661 3947 695 4011 in
719 3947 904 4012 servitutem
927 3947 1005 4027 Dei,
1037 3948 1088 4013 cui
1117 3949 1235 4014 servire
1264 3971 1399 4036 regnare

250 4056 307 4133 est,
331 4052 450 4117 redacti
472 4051 610 4132 fuerint,
632 4053 673 4117 ab
696 4051 782 4116 omni
806 4053 871 4182 sqnt
893 4051 1073 4138 principum
1094 4053 1248 4120 servitute
1270 4057 1398 4140 penitus

321 4227 334 4280 1
355 4226 367 4280 I
387 4225 454 4281 ordo
475 4224 612 4279 Ulmeneis
632 4225 729 4296 populi
747 4224 816 4281 Gok.
836 4227 866 4280 et
886 4225 958 4281 Bess.
977 4244 1024 4281 am
1043 4227 1131 4282 rande
1211 4230 1227 4282 2
1246 4229 1294 4284 Bei
1312 4229 1399 4286 Woll.

248 4313 321 4368 fehlt
338 4313 407 4366 alles
426 4311 557 4381 fulgendo
581 4312 624 4366 bis
650 4330 685 4367 cu
709 4313 773 4367 dem
800 4329 822 4366 c.
842 4313 875 4367 de
894 4311 1042 4368 Nobilibus
1060 4315 1090 4368 in
1110 4314 1200 4370 Ulma.
1290 4319 1306 4370 3
1324 4319 1399 4372 etatt

248 4401 364 4471 ponitur
383 4399 475 4454 huben
502 4399 592 4468 primo
618 4401 677 4454 Soh.
704 4401 747 4454 Kl.
776 4399 848 4455 Besa.
874 4400 958 4464 soka
988 4401 1104 4472 ponitur
1130 4402 1181 4457 hat
1210 4403 1287 4458 nieht
1313 4403 1397 4459 Wibl.

249 4491 266 4544 4
285 4487 335 4542 Die
354 4487 435 4542 stelle
453 4487 491 4540 ist
509 4487 591 4542 Dent.
610 4488 650 4552 18,
670 4491 686 4542 b
706 4487 771 4542 oder
791 4490 833 4553 21,
852 4489 876 4545 5.
