3072 4936
677 367 737 433 147

127 525 295 609 parebant.
327 523 410 588 unde
440 523 594 588 iudicium
617 523 811 590 Rotwilense
834 523 941 590 Ulmse
969 523 1067 589 fuisse
1089 524 1208 605 fertur,
1240 525 1279 590 de

125 651 191 714 quo
216 630 314 696 literae
338 628 499 695 habentur
521 631 554 694 in
577 629 825 716 Herwartiugen
847 631 1040 695 monasterio
1056 629 1076 694 ².

219 733 385 800 Tertium²
402 757 500 818 quare
512 739 561 800 tot
576 735 719 800 homines
735 739 810 799 sunt
825 735 859 798 in
874 733 972 800 Ulma
988 739 1036 801 est
1051 736 1191 801 libertas.
1214 759 1279 801 non

125 839 213 905 enim
226 839 357 904 suntibi
369 860 482 924 graves
494 842 635 926 angariae
645 839 667 921 ³,
684 841 737 906 sed
749 839 882 904 leviter⁴
899 843 1004 925 potest
1013 841 1148 925 quilibet
1160 863 1280 926 pauper

125 945 174 1009 ibi
197 949 290 1010 stare.

217 1049 374 1126 Quartum
397 1056 445 1116 est
467 1051 669 1137 negotiorum
692 1051 901 1140 generalitas,
925 1075 999 1116 nam
1022 1053 1129 1118 omnia
1152 1053 1291 1139 negotia¹

127 1156 176 1220 ibi
208 1159 397 1221 tractantur.
430 1156 501 1221 ideo
524 1179 588 1222 non
620 1157 723 1221 solum
746 1157 866 1238 adulti,
899 1159 952 1223 sed
984 1181 1160 1242 pauperum
1189 1159 1280 1243 pueri

127 1265 263 1346 possunt
285 1260 319 1324 in
342 1261 393 1326 die
416 1260 580 1326 denarium
603 1262 653 1326 vel
676 1262 754 1326 duos
777 1262 903 1328 lucrari.

217 1364 372 1441 Quintum
388 1371 436 1431 est
452 1367 618 1432 delectatio
634 1372 666 1432 et
681 1366 838 1452 voluptas,
859 1391 934 1433 narn
949 1369 976 1434 si
991 1369 1087 1434 homo
1103 1369 1277 1434 delectatur
1289 1371 1377 1454 m,

128 1470 246 1534 divinis
271 1471 385 1536 officiis
408 1476 441 1537 et
463 1471 619 1558 religione
641 1477 673 1537 et
696 1473 784 1538 verbi
808 1473 908 1538 divini
930 1475 1109 1552 auditione,
1139 1477 1279 1560 organis,

126 1579 161 1640 et
184 1579 310 1656 ornatu,
333 1580 366 1640 et
387 1577 472 1642 dulci
495 1581 590 1642 cantu
614 1577 754 1642 scolari⁶
777 1583 833 1643 aut
855 1579 945 1644 suevi
967 1579 1121 1658 melodia,
1152 1579 1279 1645 ecclesi-

127 1681 228 1750 astico
251 1680 348 1766 longo
372 1681 422 1746 vel
437 1681 526 1747 brevi
549 1682 666 1762 officio,
689 1687 793 1748 toturn
810 1685 945 1768 reperiet
968 1684 1110 1769 quotidie
1132 1685 1165 1748 in
1182 1683 1280 1751 Ulma

125 1787 160 1850 in
184 1786 374 1870 propinquo.
420 1785 454 1851 Si
486 1791 593 1852 autem
623 1787 720 1852 homo
751 1789 946 1854 secularibus
978 1795 1011 1854 et
1033 1790 1202 1855 mundanis
1225 1792 1280 1856 de·

127 1892 281 1971 lectatur,
304 1893 338 1956 in
361 1893 448 1957 omni
471 1893 573 1978 specie
596 1895 731 1978 reperiet
753 1915 916 1959 excessum
938 1894 973 1959 in
994 1893 1101 1960 Ulma.
1133 1896 1179 1960 ibi
1202 1895 1279 1975 ludi,

127 1995 175 2060 ibi
191 1997 382 2080 spectacula,
406 1997 452 2062 ibi
467 1998 643 2076 societates,
667 1998 713 2062 ibi
729 1998 868 2082 crapula,
892 1997 938 2063 ibi
954 1999 1096 2082 speciosa
1119 2003 1151 2064 et
1166 2004 1281 2065 ornata

129 2102 260 2182 femina,
283 2101 328 2166 ibi
344 2102 556 2186 intemperata
572 2101 709 2181 luxuria,
732 2103 778 2167 ibi
794 2103 943 2168 secularis
966 2107 998 2168 et
1020 2105 1182 2169 mundana
1196 2127 1280 2188 prae·

129 2206 314 2286 eminentia,
337 2206 383 2270 ibi
406 2206 562 2286 otiositas,
586 2206 642 2271 ibi'
656 2206 801 2272 laborum
831 2207 1009 2288 assiduitas,
1033 2208 1078 2272 ibi
1101 2208 1279 2294 quotidiani

131 2333 276 2377 rumores
299 2311 473 2376 audiuntur
503 2312 540 2377 de
562 2313 683 2378 oriente
715 2316 747 2377 et
769 2312 931 2378 occidente
960 2313 1063 2399 magis
1093 2335 1280 2398 quacunque

130 2417 196 2482 alia
211 2415 342 2481 civitate
357 2416 495 2494 Suevioe;
518 2417 564 2482 ibi
584 2416 709 2498 laetitia,
732 2417 779 2481 ibi
793 2418 937 2499 tristitia,
961 2417 1006 2482 ibi
1021 2440 1117 2498 mors,
1140 2417 1185 2484 ibi
1202 2420 1279 2500 vita,

128 2522 176 2588 ibi
200 2521 312 2602 virtus,
335 2521 381 2587 ibi
404 2523 535 2602 vitium,
566 2544 636 2608 quae
659 2522 757 2589 Ulma
781 2546 852 2589 oum
875 2523 946 2590 aliis
968 2524 1067 2590 habet
1089 2526 1277 2590 communia.

216 2626 267 2691 Ex
289 2625 340 2691 his
363 2626 510 2691 omnibus
525 2630 615 2711 patet
638 2627 776 2692 civitatis
803 2629 954 2694 ulmensis
976 2629 1138 2714 profectus
1159 2631 1193 2695 iu
1216 2653 1279 2716 quo

126 2753 229 2816 usque
251 2731 285 2796 in
319 2731 402 2796 hanc
424 2731 537 2796 horam
558 2733 718 2816 persistit,
749 2745 807 2798 nec
829 2735 1006 2818 computari
1028 2735 1122 2801 debet
1142 2759 1201 2821 pro
1224 2737 1279 2800 de-

126 2837 225 2915 fectu,
248 2835 333 2920 quod
354 2835 503 2901 moderno
526 2839 667 2920 tempore
683 2837 880 2904 Bavarorum
895 2838 1068 2904 insultibus
1083 2843 1279 2922 exercentur,

125 2941 182 3026 qui
212 2941 253 3005 ab
283 2961 367 3004 anno
398 2940 518 3005 domini
550 2941 634 3006 1478
664 2965 764 3027 usque
794 2943 828 3008 in
861 2966 1015 3028 praesens,
1050 2946 1106 3026 ubi
1135 2951 1278 3030 possunt,

127 3045 260 3112 Ulmam
274 3049 394 3110 vexant
415 3050 448 3110 et
463 3047 637 3126 tribulant;
661 3049 737 3132 quia
751 3048 826 3113 licet
839 3047 873 3112 in
895 3047 945 3113 his
961 3049 1129 3114 videantur
1144 3050 1279 3114 diminui

125 3151 351 3230 invisibiliter,
384 3155 491 3215 tamen
523 3151 627 3235 magis
657 3155 816 3237 augentur
839 3151 978 3234 viribus,
1011 3155 1213 3238 experientiis
1246 3158 1279 3218 et

126 3257 248 3320 virtute
280 3259 313 3320 et
344 3255 516 3321 intrinsece
545 3278 630 3341 paee.
676 3257 853 3323 Prudenter
885 3263 992 3324 autem
1024 3281 1096 3324 cum
1123 3260 1279 3344 patientia

125 3361 295 3428 Ulmenses
326 3361 606 3427 dissimulaverunt
638 3385 738 3448 usque
768 3364 801 3428 in
823 3387 980 3448 praesens,
1012 3369 1044 3428 et
1067 3363 1276 3448 direptionem

126 3467 303 3532 violentam
334 3471 366 3531 et
394 3467 635 3532 iniustissimam
668 3489 798 3533 suarum
829 3491 935 3533 rerum
967 3469 1208 3550 sustinuerunt,
1241 3473 1279 3534 ut

126 3572 304 3638 maioribus
335 3572 458 3638 damnis
489 3571 656 3637 obviarent
685 3576 717 3638 et
747 3577 857 3657 postea
887 3573 1071 3639 audentiorc
1093 3574 1199 3638 animo
1221 3597 1279 3639 sua

126 3699 202 3742 oum
225 3677 313 3742 lucro
329 3681 533 3744 resumerent.
558 3677 641 3742 unde
656 3675 858 3763 Augustinus
880 3677 935 3743 lib.
960 3680 990 3746 3.
1014 3681 1117 3763 capt
1140 3679 1178 3744 de
1201 3680 1278 3744 civi·

126 3787 196 3849 tate
219 3783 269 3848 dei
291 3783 384 3863 dicit,
408 3781 544 3848 Romam
566 3783 669 3868 magis
693 3785 884 3848 destructam
908 3783 994 3868 pacis
1018 3788 1160 3868 tempore
1182 3807 1279 3870 quam

126 3889 296 3954 bellorum.
332 3888 408 3974 quia
436 3893 578 3972 tempore
607 3889 693 3974 pacis
716 3889 934 3973 voluptatibus
967 3893 1000 3954 et
1030 3891 1117 3955 vitiis
1149 3913 1278 3976 operam

695 4007 713 4046 ιι

203 4089 215 4143 1
231 4087 480 4158 Herbreobtingen,
493 4087 773 4157 Augustinerlrloster
786 4106 823 4144 an
836 4089 886 4144 der
902 4089 996 4153 Brona,
1010 4089 1146 4144 zwisehau
1159 4089 1279 4145 Heideu·

128 4176 204 4232 heim
224 4175 282 4230 und
301 4175 436 4246 Giengen.
472 4175 689 4244 Hertwatingen
702 4176 775 4232 Mon.
791 4177 813 4230 l.
850 4176 1052 4246 Herwatingen
1065 4176 1126 4231 Soh.
1141 4177 1184 4230 Kl.
1197 4175 1277 4232 Gold.

126 4269 167 4322 ut
205 4261 422 4332 Herwartlngen
448 4261 538 4320 Schm.
579 4263 764 4326 monasterio,
790 4267 823 4318 ut
850 4263 952 4318 dicitur
977 4263 1051 4320 Mon.
1081 4266 1104 4318 1.
1129 4263 1209 4319 Gold.
1237 4266 1278 4318 ut.

125 4345 259 4408 2Tertio
278 4348 338 4404 Soh.
357 4349 400 4404 Kl.
419 4350 506 4405 Wibl.
579 4351 736 4422 tgrandes
756 4351 881 4420 augariae
900 4351 945 4404 vol
964 4369 1064 4421 graves
1083 4351 1157 4406 Mon.
1178 4351 1200 4404 l.
1261 4353 1276 4404 4

125 4439 230 4494 leniter
248 4437 335 4493 Wibl.
406 4443 422 4494 5
441 4439 528 4492 cantu
546 4439 664 4493 seculari
683 4440 755 4495 Mon.
777 4441 800 4494 l.
819 4437 881 4493 Seh.
901 4439 944 4492 Kl.
964 4439 1050 4494 Wibl.
1069 4436 1160 4492 Schm.
