3072 4936
797 349 860 413 100

252 543 337 586 mam
360 522 511 588 adeuntes
534 523 618 587 inter
640 524 723 588 cives
739 523 868 625 ¹nobiles
891 525 1062 608 conscripti
1089 524 1318 608 rempublicam
1344 523 1405 590 Ul-

251 649 391 692 mensem
414 629 591 712 personatis
615 628 797 694 hominibus
820 634 852 694 et
874 629 995 694 divitiis
1018 630 1190 707 adornant,
1215 629 1253 694 de
1284 630 1405 714 quibus

252 731 349 798 Ulma
370 734 488 799 iudices
511 738 543 799 et
564 735 708 799 consules
730 735 854 799 habuit.

555 903 757 971 Stumler
789 911 832 971 et
863 905 1093 992 Ka1·gen¹.

338 1043 598 1110 Stamlerensium
628 1046 751 1112 familia
772 1047 855 1112 unde
877 1052 949 1112 orta
971 1049 1014 1112 sit
1040 1049 1088 1114 vel
1112 1051 1194 1114 unde
1215 1072 1309 1115 suum
1332 1073 1402 1115 sor-

250 1151 312 1216 tita
334 1151 377 1214 sit
399 1174 533 1232 nomen,
563 1153 639 1217 tulit
671 1176 688 1217 e
716 1155 875 1218 memoriis
908 1153 1072 1218 hominum
1095 1153 1233 1238 optutu²
1259 1155 1402 1239 antiqui·
1521 1177 1522 1184 ¹

250 1261 309 1320 tes.
355 1256 437 1321 Eam
458 1261 565 1322 tamen
588 1257 642 1321 diu
666 1257 769 1322 Ulmre
803 1257 901 1322 fuisse
920 1259 1055 1342 antiqua
1086 1263 1246 1324 testantur
1278 1260 1402 1324 instru-

251 1365 367 1427 menta.
414 1361 534 1426 Dicunt
556 1366 662 1427 autem
684 1384 752 1426 eam
776 1361 932 1427 familiam
948 1363 1025 1427 olim
1040 1365 1125 1428 inter
1140 1363 1298 1430 zunftales
1313 1387 1401 1431 com·
1521 1371 1522 1398 ³

249 1469 468 1545 memoratam,
491 1467 578 1531 etin
602 1467 739 1550 quadam
761 1468 878 1552 grandi
911 1473 943 1532 et
971 1468 1148 1553 periculosa
1177 1470 1333 1537 seditione
1355 1471 1400 1536 ci-

250 1572 337 1637 vium
360 1576 393 1636 et
414 1571 605 1636 zunftclium
627 1573 674 1636 ita
696 1577 824 1638 strenue
846 1596 954 1658 pacem
977 1574 1109 1656 fovisse,
1135 1581 1168 1640 et
1189 1579 1296 1660 partes
1320 1577 1400 1640 adu·

249 1699 341 1742 nasse
363 1682 396 1742 11
418 1676 653 1760 rempublicam,
678 1699 717 1742 ne
732 1679 858 1762 penitus
874 1678 1000 1763 periret,
1023 1702 1120 1745 manu
1140 1680 1290 1760 tenuisse,
1314 1682 1399 1764 quod

249 1787 390 1847 cessante
412 1783 570 1846 discordia
590 1786 705 1866 praeter
727 1804 925 1848 communem
948 1786 1050 1870 legem
1064 1786 1147 1849 cives
1163 1808 1232 1850 eam
1248 1786 1282 1850 in
1305 1788 1398 1852 nobi·
1444 1849 1449 1860 ,

249 1885 328 1950 lium
350 1886 534 1951 societatem
556 1887 723 1952 ascendere
745 1887 897 1954 fecerunt.
944 1888 987 1952 Et
1021 1889 1128 1954 eodem
1160 1891 1253 1956 modo
1276 1891 1401 1956 familia

250 1993 464 2078 Kargeusium
486 1991 636 2058 zunftalis
659 1993 692 2056 in
717 1992 833 2057 civium
864 1993 1006 2058 ordinem
1037 1995 1179 2060 ascendit
1201 1996 1312 2061 sedata
1334 1998 1400 2061 dis·

249 2099 365 2163 cordia.
413 2098 490 2162 Haec
512 2097 774 2164 Stamlercnsium
789 2098 912 2164 familia
927 2099 1087 2182 quondam
1103 2099 1289 2186 Gtinzburgi
1307 2101 1399 2166 habi·
1521 2111 1522 2190 t

249 2203 340 2284 tavit,
364 2209 396 2268 et
411 2208 526 2268 onusta
541 2203 661 2268 divitiis
679 2203 807 2270 Ulmem
826 2205 859 2268 in
875 2204 1031 2269 nobilium
1046 2205 1189 2270 ordinem
1205 2209 1397 2286 conscendit,
1511 2195 1522 2264 'J

249 2309 361 2374 deinde
384 2313 550 2374 attenuata
571 2310 752 2373 substantia
772 2308 963 2374 mechanicis
979 2331 1108 2394 operam
1129 2312 1240 2376 dantes
1256 2312 1290 2376 in
1306 2314 1399 2378 111111-
1521 2301 1522 2356 l

249 2414 363 2478 talium
385 2415 528 2480 ordinem
543 2415 780 2492 descenderunt,
803 2415 859 2478 ubi
874 2415 991 2480 iterum
1006 2420 1179 2480 crescentes
1194 2416 1227 2479 in
1244 2417 1399 2482 seditione

248 2518 377 2600 profata
398 2517 587 2602 reassumpti
610 2521 686 2581 sunt
708 2517 792 2582 inter
814 2519 907 2582 cives.
954 2518 1046 2584 Unde
1069 2523 1176 2584 11111111
1201 2519 1260 2584 hoc
1282 2543 1398 2586 nomen

248 2621 385 2687 Stamler
407 2622 452 2687 eis
475 2624 656 2704 advenerit,
679 2647 744 2688 non
766 2623 884 2690 inveni.
907 2626 989 2690 nihil
1010 2631 1115 2692 tamen
1139 2627 1239 2692 refert
1262 2630 1397 2712 opinari,
1521 2631 1522 2636 ’

248 2750 301 2792 101
324 2726 461 2792 Stumlcr
483 2730 664 2794 nominatos
679 2753 697 2794 1
712 2729 822 2814 stipite
845 2731 893 2795 vel
916 2753 936 2794 a
950 2732 1050 2815 stirpe
1065 2740 1121 2797 aut
1137 2737 1251 2797 trunco
1266 2732 1396 2813 arboris,

248 2853 342 2915 quem
364 2835 522 2900 teutonice
543 2836 744 2904 nominamus
761 2839 853 2914 stam,
875 2835 948 2900 inde
963 2837 1102 2902 stumler.
1148 2836 1238 2902 Sicut
1258 2839 1344 2904 cuim
1360 2861 1396 2904 ex

248 2942 361 3003 trunco
395 2945 427 3005 et
455 2941 565 3025 stipite
594 2943 769 3026 procedunt
798 2941 877 3004 rami
909 2940 986 3004 folia
1015 2946 1047 3006 et
1078 2943 1221 3022 fructus,
1254 2945 1300 3008 sic
1331 2943 1399 3008 haec

248 3044 345 3127 stirps
368 3045 528 3128 quondam
551 3046 744 3111 fecunditate
761 3045 847 3110 clara
861 3045 922 3110 hoc
938 3068 1053 3112 nomen
1069 3050 1239 3114 contraxit.
1286 3048 1397 3116 Plures

248 3155 354 3214 tamen
386 3155 555 3217 autumant
584 3175 621 3217 ex
652 3153 833 3216 conditione
863 3151 1044 3234 aliquorum
1075 3175 1159 3217 nunc
1192 3154 1398 3220 existentium

247 3253 333 3320 illius
357 3257 486 3322 familiae
509 3280 561 3323 eos
585 3257 630 3322 sic
652 3256 831 3321 nominatos
864 3260 995 3340 propter
1020 3257 1246 3340 impedimenta
1279 3259 1397 3346 linguae

146 3427 151 3436 ,
247 3363 280 3424 11
302 3360 470 3426 locutionis
492 3361 723 3439 difficultatem,
746 3383 842 3445 quam
864 3383 986 3446 semper
1009 3361 1108 3445 aliqui
1131 3361 1163 3426 in
1189 3363 1251 3427 ista
1273 3362 1398 3428 familia

247 3462 429 3530 habuerunt
450 3469 482 3530 et
506 3465 592 3530 balbi
608 3465 748 3542 fuerunt,
771 3488 850 3549 quos
866 3467 1013 3552 vulgares
1029 3466 1130 3530 nostri
1145 3468 1277 3532 stamler
1293 3471 1397 3534 nomi·

247 3576 335 3648 naut,
352 3572 435 3635 unde
450 3570 543 3636 hodie
557 3569 721 3636 dohannes
737 3571 874 3636 Stcmler
889 3571 967 3636 alias
982 3571 1060 3636 satis
1075 3570 1252 3637 industrius
1268 3577 1395 3640 tantum

247 3676 377 3755 titubat,
402 3677 485 3760 quod
509 3699 572 3740 non
588 3677 668 3742 bene
683 3681 789 3761 potest
808 3675 928 3760 percipi
947 3677 1023 3740 dum
1037 3674 1191 3760 loquitur,
1215 3679 1292 3761 quid
1309 3680 1395 3744 velit

247 3780 330 3844 Puto
353 3785 459 3845 antem
482 3781 580 3846 fuisse
603 3783 637 3846 in
660 3781 816 3864 principio
839 3781 977 3865 aliquem
993 3781 1123 3844 balbum
1140 3781 1343 3850 fortunatum
1367 3790 1399 3849 et

247 3884 386 3965 divitem,
411 3909 515 3970 aquo
540 3891 609 3950 1011
630 3886 673 3950 sit
696 3886 899 3950 denominata
920 3884 1044 3950 familia
1067 3909 1167 3970 usque
1190 3888 1224 3951 in
1247 3911 1397 3972 praesens.

334 3987 395 4056 Sed
417 3997 450 4056 et
472 3992 594 4056 familia
624 3990 854 4076 Kargensium‚
880 3995 916 4054 ut
939 3989 1087 4074 praedixi,
1122 3993 1199 4056 olim
1232 3995 1399 4060 nominata

811 4135 829 4175 11

319 4243 474 4298 1811111111
492 4241 591 4299 Schad.
645 4244 767 4300 Stamler
794 4247 823 4298 et
843 4243 956 4314 Kargen
974 4243 1062 4299 Wibl.
1115 4244 1252 4312 Stamler‚
1275 4247 1399 4316 dargan,

246 4330 407 4396 Gassoldeu,
428 4331 554 4386 lmbofeu
566 4335 617 4386 etc
632 4332 753 4386 Schmid.
789 4330 829 4385 De
844 4329 1080 4388 Stsmlerensibus
1101 4334 1174 4388 11011.
1186 4334 1211 4388 2.
1250 4331 1398 4389 111811111-

246 4417 399 4472 lerensibus
419 4419 448 4472 et
467 4417 656 4487 Kurgensibus
674 4420 743 4474 Golr.
763 4418 835 4473 Bess.
908 4419 1089 4478 28111111
1109 4420 1176 4476 1111.
