3080 4938
817 347 859 420 70

257 528 370 606 bonor,
395 531 431 592 ut
453 526 537 592 idem
555 525 575 590 4
590 523 731 590 Ethioor.
755 523 844 590 dicit.
884 521 971 587 Dum
988 543 1064 609 ergo
1081 523 1220 609 quilibet
1234 525 1419 611 prudentia,

258 635 389 714 divitiis,
414 633 523 698 amicis
539 635 571 696 et
586 630 766 696 fautoribus
782 628 906 714 pollens
922 628 1105 694 ascenderet
1120 629 1154 694 in
1170 630 1279 696 locum
1296 631 1419 716 prima-

258 744 360 820 tuum,
385 759 448 804 non
466 738 642 802 remaneret
657 733 690 798 in
707 731 912 799 inferioribus
928 733 1093 800 ordinibus
1113 739 1146 800 et
1161 735 1284 801 zunftis
1301 737 1420 820 aliquis

260 844 347 909 diret
370 848 426 908 aut
447 841 604 926 prudens,
628 838 683 924 qui
705 843 812 904 tamen
834 837 930 904 etiam
959 837 992 902 in
1016 837 1224 906 inferioribus
1247 841 1421 908 necessarii

260 951 345 1028 sunt,
362 945 456 1012 etita
471 943 639 1010 harmonia
655 942 760 1008 suavis
773 943 936 1028 regiminis
949 942 1134 1008 solveretur.
1159 945 1308 1028 quamvis
1321 946 1421 1012 etiam

261 1052 417 1118 aunftales
442 1051 611 1134 prudentes
634 1047 668 1114 in
690 1048 885 1116 consortium
907 1047 1105 1133 primatuum
1128 1070 1193 1114 non
1210 1049 1419 1134 recipiantur,

261 1181 281 1222 a
303 1155 470 1222 consulatu
493 1159 599 1220 tamen
623 1151 729 1239 dignis
753 1153 868 1220 officiis
900 1176 963 1218 uon
994 1154 1212 1220 s'eoluduntur.
1259 1156 1305 1221 Et
1328 1177 1421 1241 ecque

263 1259 360 1324 utiles
383 1263 459 1323 sunt
480 1256 663 1342 reipublicae
684 1257 841 1354 zqnftales
865 1258 1036 1342 prudentes
1067 1263 1100 1323 et
1122 1258 1239 1326 divites
1262 1259 1350 1326 siout
1381 1261 1418 1326 ill

262 1364 302 1428 de
324 1362 434 1428 ordine
457 1361 678 1447 optimatuum.

349 1467 458 1533 Tertia
480 1489 574 1540 causa
596 1471 644 1532 est
666 1466 741 1532 illa:
772 1471 809 1531 ut
831 1465 1009 1551 respublica
1032 1473 1198 1552 augeatur.
1230 1491 1307 1534 nam
1331 1470 1423 1536 dives

262 1579 319 1638 aut
341 1573 479 1658 prudens
502 1570 580 1636 alibi
603 1570 759 1650 residens,
789 1573 890 1638 sciens
913 1570 1018 1638 Ulmae
1042 1595 1075 1638 se
1098 1596 1191 1657 posse
1214 1574 1350 1660 adipisci
1375 1577 1423 1642 lo·
1521 1655 1522 1660 γ

261 1701 332 1742 oum
357 1682 567 1764 magnatuum
591 1681 623 1741 et
644 1675 850 1760 primatuum,
874 1677 1007 1742 collecta
1029 1678 1117 1742 omni
1132 1679 1316 1745 substantia
1332 1681 1425 1747 venit
1521 1675 1522 1722 3

263 1787 472 1868 augmentum
495 1779 676 1866 reipublioae
699 1780 835 1862 faciens,
868 1788 900 1848 et
922 1782 986 1848 nisi
1008 1783 1104 1848 sciret
1130 1807 1164 1850 se
1187 1785 1342 1850 honorari
1366 1786 1424 1852 illo

262 1889 398 1968 honore,
422 1908 622 1972 nequaquam
646 1885 786 1964 veniret3
816 1887 928 1973 sicque
951 1888 1130 1972 respublica
1153 1912 1286 1956 numero
1310 1913 1424 1976 perso·

263 2015 378 2058 narum
400 1995 433 2056 et
464 1991 582 2056 divitiis
605 1991 725 2056 crescit.
772 1990 834 2058 Sed
855 1993 981 2060 nullum
1003 1993 1118 2060 horum
1141 1996 1366 2081 contingeret,
1398 1997 1426 2062 si

265 2096 423 2164 zunftales
447 2095 660 2180 reciperentur
682 2096 716 2160 in
738 2097 952 2181 optimatuum
975 2103 1007 2162 et
1022 2100 1220 2184 primatuum
1240 2123 1425 2182 numerum,

268 2205 343 2290 quia
365 2201 522 2268 znnftales
544 2205 619 2264 sunt
642 2201 738 2265 etiam
761 2201 799 2267 de
822 2203 939 2268 civium
961 2226 1093 2269 numero
1116 2227 1206 2291 arque
1233 2207 1315 2272 bene
1338 2209 1425 2274 siout

264 2309 431 2394 primatus,
455 2310 486 2370 et
509 2305 536 2370 si
559 2305 679 2370 habent
702 2305 831 2372 divitias
846 2313 878 2374 et
893 2307 1016 2392 pollent
1031 2308 1209 2393 prudentia,
1234 2312 1424 2396 reipublice

266 2412 360 2479 utiles
383 2416 475 2488 sunt;
506 2414 538 2476 et
560 2409 642 2474 nihil
664 2409 815 2477 utilitatis
838 2418 1028 2480 accresceret
1059 2413 1132 2498 plus
1156 2415 1361 2500 reipublicae,
1398 2419 1426 2484 si

265 2519 480 2603 reciperentur
502 2515 535 2582 in
559 2515 700 2582 ordinem
725 2515 930 2598 primatuum,
954 2540 1050 2603 quam
1065 2520 1092 2583 si
1107 2525 1239 2586 manent
1253 2521 1288 2586 in
1306 2523 1422 2590 ordine

266 2622 465 2689 cunstalium.

353 2727 474 2804 Quarta
495 2748 590 2792 causa
605 2731 653 2792 est
668 2727 822 2810 repressio
837 2729 1073 2810 praesumtionis
1089 2729 1321 2814 insipientium.
1346 2755 1422 2798 oum

267 2835 350 2900 enim
375 2833 545 2919 probatum
557 2831 610 2896 'sit
632 2830 716 2896 cives
732 2831 765 2896 in
781 2832 976 2916 primatuum
992 2835 1102 2900 ordine
1124 2857 1192 2900 esse
1212 2835 1346 2916 nobiles,
1375 2838 1426 2904 rel

267 2941 294 3004 si
313 2962 378 3005 non
400 2942 476 3004 sunt
499 2937 664 3022 sauguine,
688 2940 764 3000 sunt
779 2940 886 3002 tamen
903 2938 1102 3004 ordinatione
1125 2938 1177 3004 vel
1192 2940 1348 3006 societate
1365 2965 1427 3008 no·

266 3045 355 3124 biles,
379 3047 411 3109 et
435 3042 599 3108 hominum
621 3039 772 3106 tentione.
819 3038 853 3104 Si
875 3063 952 3127 ergo
975 3043 1130 3110 zunftales
1147 3047 1368 3129 reciperentur
1391 3048 1426 3112 in

267 3153 462 3238 primatuum
485 3150 643 3228 ordinem,
675 3152 751 3212 tunc
774 3147 909 3232 quilibet
931 3149 1058 3225 statim,
1089 3153 1261 3234 postquam
1290 3151 1427 3218 divitias

267 3281 324 3324 suo
348 3254 484 3320 artificio
508 3252 736 3338 acquisivisset,
761 3252 848 3316 etin
872 3252 1015 3316 ordinem
1031 3253 1124 3318 illum
1139 3254 1309 3320 ascendere
1326 3257 1429 3322 vellet

268 3369 300 3430 et
321 3361 438 3428 nobilis
462 3383 537 3425 esse.
562 3363 595 3424 ct
616 3381 686 3423 cum
718 3358 914 3443 susciperent
936 3357 1074 3441 aliquem
1107 3357 1246 3424 ditatum
1275 3364 1308 3425 et
1343 3362 1428 3426 alias

268 3469 366 3534 etiam
389 3465 459 3530 aliis
482 3463 574 3530 bonis
597 3462 831 3529 conditionibus
847 3467 1005 3542 ornatum,
1030 3469 1220 3548 cogerentur
1236 3465 1334 3529 etiam
1352 3489 1425 3532 sus·

268 3577 372 3660 cipere
394 3571 520 3638 noviter
542 3570 689 3650 ditatum,
713 3569 769 3654 qui
792 3591 849 3634 neo
872 3591 964 3634 usum
989 3567 1174 3634 divitiarum
1189 3589 1247 3634 nco
1263 3569 1426 3638 honorum

269 3681 409 3758 haberet,
434 3683 467 3744 et
489 3677 605 3744 viciose
628 3699 664 3742 ao
679 3676 777 3742 stulte
795 3677 925 3754 viveret,
941 3675 1025 3759 quod
1041 3675 1073 3738 in
1090 3675 1223 3740 dedecus
1238 3675 1427 3761 reipublicae

270 3792 424 3873 vergeret.
471 3782 538 3849 Neo
560 3789 609 3850 est
624 3783 732 3848 eadem
749 3781 831 3846 ratio
854 3781 892 3846 de
906 3779 1009 3844 alieno
1025 3779 1151 3844 noviter
1173 3780 1286 3860 ditato,
1311 3787 1345 3848 et
1360 3805 1429 3848 non

271 3891 439 3979 prudenti,
469 3911 563 3974 quem
585 3889 780 3972 susciperent
802 3887 835 3950 in
859 3884 1028 3970 prefatum
1051 3885 1210 3966 ordinem,
1240 3885 1318 3971 quia
1349 3888 1428 3954 talis

271 4001 344 4064 licet
366 3999 399 4062 in
428 3995 568 4062 consiliis
599 3993 688 4058 utilis
718 4015 781 4056 non
811 3991 871 4069 sit,
902 4011 967 4056 suae
998 3993 1103 4054 tamen
1137 3989 1259 4054 diritiae
1289 3998 1429 4076 prosunt

270 4103 452 4187 reipublicae
475 4106 507 4164 et
529 4123 587 4164 sua
609 4097 821 4182 imprudentia
846 4093 1027 4178 reipublicae
1050 4115 1115 4158 non
1139 4098 1188 4158 ast
1209 4095 1342 4174 nociva,
1367 4121 1427 4163 nec

270 4210 366 4274 ctiam
389 4229 447 4271 sua
469 4204 687 4290 prodigalitas,
712 4223 783 4288 quae
805 4199 913 4265 omnia
935 4199 1028 4264 aliter
1044 4221 1077 4263 se
1102 4198 1224 4264 habent
1238 4199 1272 4264 in
1289 4201 1427 4266 zunltali

271 4313 325 4398 qui
349 4316 396 4377 est
419 4310 507 4388 ciris,
530 4314 567 4372 ut
589 4313 678 4392 patet
701 4329 767 4372 reru
790 4303 1012 4370 consideranti.
1059 4303 1108 4368 Ex
1124 4302 1199 4382 alio,
1223 4305 1250 4369 si
1272 4305 1425 4372 zunftnlis

271 4419 357 4484 dives
382 4416 577 4498 reciperetur
595 4415 627 4478 in
652 4413 741 4476 illum
758 4411 910 4487 ordinem,
935 4431 1054 4494 pauper
1070 4413 1321 4494 praesumtuosus
1341 4433 1425 4476 nun·
