2996 4924
766 277 807 346 lo

369 457 490 523 Cuncta
512 476 611 541 regna
633 452 740 532 seculi,
763 450 865 516 celum
887 453 920 514 ct
941 445 1113 526 infernum,

303 583 341 620 mo
368 561 412 626 m
435 563 576 645 potestas
598 555 690 642 regni
712 555 762 620 sui
785 553 885 618 stabit
906 552 940 616 in
963 555 1118 618 eternum.

368 667 483 752 Igitur,
507 662 705 730 sanctissime
728 660 880 736 virorum,
904 658 1070 722 reverteris

368 772 407 838 In
430 772 557 837 domum
580 773 679 845 tuam,
703 770 740 830 ut
763 769 850 828 tuam
873 785 1004 828 uxorem
1027 762 1207 828 consoleris.

368 877 461 942 Hauc
483 875 578 952 enim,
600 873 638 937 de
661 893 724 956 qua
746 869 814 935 dixi
836 867 906 948 tibi,
929 867 1086 952 concipiet
1106 867 1273 945 infantem,

369 983 470 1060 Quam
494 981 532 1046 de
554 979 628 1044 celis
654 976 750 1042 faciet
772 973 972 1058 omnipotens
996 975 1215 1056 pregnantem.

305 1107 343 1146 22⁵
370 1088 466 1153 Anna
488 1107 572 1164 vero,
596 1082 681 1148 domi
704 1102 834 1146 manens
856 1078 889 1142 in
913 1077 1121 1143 tribulatione

370 1193 487 1258 Luctus
510 1194 606 1274 atque
628 1188 765 1273 gemitus
789 1207 860 1250 cum
883 1183 1110 1261 turbulatione,

370 1299 418 1362 De
440 1295 596 1380 comparis
619 1293 763 1358 absentia
784 1291 939 1376 plangens
962 1290 1153 1355 tristabatur

372 1403 422 1468 Ex
445 1401 584 1466 adversis
606 1398 732 1464 casibus
754 1396 820 1462 suis
843 1395 1053 1470 turbabatur;

370 1507 505 1592 Ipsaque
527 1504 657 1570 cottidie
679 1504 772 1568 deum
794 1501 964 1580 invocavit,

307 1634 345 1670 2³⁰
371 1611 450 1678 (lum
472 1609 611 1676 lacrimis
634 1613 667 1673 et
689 1607 817 1672 fletibus
839 1607 943 1690 ipsum
966 1605 1161 1690 imploravit,

371 1717 418 1784 Ut
441 1741 509 1782 eam
533 1739 552 1780 a
574 1715 708 1780 tristitia
730 1737 788 1778 sua
810 1713 960 1777 liberaret

373 1825 479 1907 Atque
502 1845 573 1887 cum
597 1821 700 1886 letitia
722 1842 814 1886 suum
838 1822 998 1883 revocaret

372 1927 497 2006 Vimm,
520 1949 614 2012 quem
636 1926 670 1990 in
695 1925 842 1990 maximis
864 1923 1027 1988 doloribus
1049 1928 1229 1988 manentem

373 2033 472 2098 Scivit
495 2037 527 2098 et
549 2032 699 2098 solatium
722 2031 846 2094 nullum
870 2030 933 2094 iam
957 2027 1137 2094 habentem.

308 2156 346 2194 ²³⁶
374 2138 418 2202 Et
442 2159 568 2222 egressa
591 2136 641 2202 die
664 2135 800 2220 quadam
823 2134 857 2198 in
880 2133 1011 2215 hortum
1034 2132 1074 2197 ad
1096 2134 1249 2198 orandum

373 2241 417 2307 Et
439 2243 532 2306 deum
555 2262 613 2324 pro
636 2239 772 2304 miseriis
794 2239 859 2303 suis
881 2238 1103 2318 invocandum,

373 2343 495 2408 Herbes
519 2348 615 2430 atque
637 2344 784 2429 gramina
806 2344 845 2409 de
867 2348 953 2408 terra
975 2343 1133 2427 pullulare

374 2451 466 2516 Vidit
489 2455 521 2516 et
543 2474 576 2517 se
598 2451 765 2515 frondibus
788 2450 917 2514 arbores
940 2471 1063 2529 ornare,

374 2555 418 2620 Et
441 2577 512 2620 cum
534 2555 645 2620 multis
668 2554 825 2620 fructibus
848 2555 941 2620 flores
964 2555 1143 2640 germinare

309 2679 347 2715 2⁴⁰
374 2661 419 2724 Et
441 2682 499 2744 pro
522 2659 619 2744 pullis
641 2659 722 2726 vidit
744 2681 817 2723 aves
840 2659 931 2723 nidos
954 2664 1162 2744 comportare,

375 2763 503 2848 Magnis
526 2786 598 2828 cum
620 2762 792 2847 gemitibus
816 2763 978 2846 suspirans
1001 2763 1136 2830 elevavit

375 2865 413 2931 In
435 2866 537 2931 celum
559 2889 632 2932 auos
654 2867 771 2946 oculos,
795 2868 834 2931 ad
857 2868 950 2933 deum
972 2869 1162 2934 exclamavit

377 2971 510 3036 Dicens:
537 2970 582 3036 »Ο
606 2973 804 3056 omnipotens
827 2973 903 3037 deus
926 2977 958 3037 et
980 2977 1112 3052 creator,

377 3076 531 3142 Universa
553 3081 696 3142 creature
717 3077 775 3141 celi
799 3077 1011 3162 gubernator!

312 3201 350 3238 2⁴⁵
378 3181 489 3248 Totius
512 3184 622 3262 mundi
645 3183 825 3248 machinam
848 3187 938 3267 pater
960 3187 994 3247 tu
1018 3185 1142 3266 creasti,

378 3286 479 3352 Certis
503 3289 561 3352 sub
585 3289 748 3354 ordinibus
771 3293 884 3353 cuncta
907 3288 1076 3372 deputasti,

377 3390 415 3457 In
438 3415 585 3459 mensura
607 3415 738 3458 numero
762 3394 812 3458 vel
834 3393 972 3478 pondere
996 3394 1116 3474 locasti,

378 3497 486 3583 Atque
508 3499 648 3583 pulchris
671 3499 833 3585 speciebus
856 3521 893 3564 ea
916 3499 1089 3578 decorasti;

378 3601 524 3687 Namque
546 3603 605 3667 celi
629 3603 864 3670 firmamentum
888 3608 923 3668 tu
947 3603 1137 3670 illuminasti

314 3725 353 3762 πο
383 3705 560 3773 Innumeris
583 3708 738 3774 sideribus
761 3713 793 3774 et
815 3732 852 3774 ea
873 3711 1069 3790 numerasti3

378 3813 422 3877 Et
444 3836 551 3898 aquas,
576 3837 636 3899 que
658 3837 751 3898 super
774 3815 857 3880 celos
880 3819 965 3895 suut,
989 3821 1026 3880 tu
1048 3815 1192 3880 solidasti

380 3917 424 3981 Et
446 3941 517 3983 cum
540 3920 585 3984 eis
607 3920 746 3985 siderum
768 3921 906 3986 calorem
929 3921 1135 4006 temperasti;

380 4021 417 4087 Iu
441 4023 549 4089 ethere
571 4025 715 4108 planetas
738 4030 773 4089 tu
796 4031 917 4110 septem
940 4027 1091 4106 statuisti,

381 4125 442 4202 Qui
465 4128 658 4192 firmamenti
680 4132 811 4194 teneant
832 4131 987 4215 impetum
1008 4129 1139 4195 iussisti.

312 4299 361 4355 uls
379 4295 455 4355 ¹fehlt
473 4301 517 4356 bei
536 4301 564 4354 Z.
635 4301 656 4356 G
674 4303 726 4359 250
744 4241 939 4358 Innlrmeribua
958 4303 1064 4359 sideris.
1142 4305 1162 4360 C
1180 4304 1233 4359 254
1251 4303 1296 4359 bis
1314 4305 1373 4362 und

225 4385 279 4444 mit
299 4390 349 4444 257
369 4389 470 4444 fehlen.
1230 4405 1233 4412 '
1475 4407 1476 4412 ’
