2996 4924
170 1553 308 1648 Incipit
332 1555 510 1650 prologus
538 1557 576 1628 in
605 1555 722 1628 vitam
752 1525 912 1649 gloriose
939 1555 1094 1650 virginis
1123 1555 1249 1629 Marie.

359 1814 493 1882 Sanctus
516 1815 735 1900 Epyphenius‚
758 1817 868 1882 doctor
891 1817 1045 1896 veritatis,

296 1919 454 1988 Salamine
475 1919 624 1986 Pontifex
646 1920 743 2006 Cypri
770 1922 919 2002 civitatis,

298 2025 342 2091 Et
365 2029 492 2092 sanctus
512 2025 667 2113 ignotius,
692 2050 783 2092 verus
806 2032 929 2113 martyr
951 2029 1010 2108 dei,

296 2131 453 2198 Johennis
474 2133 647 2218 discipulus
670 2133 730 2198 filii
753 2132 895 2213 zebedei,

258 2257 270 2294 ὁ
296 2238 340 2303 Et
361 2235 525 2303 lohannes
547 2238 772 2318 Damascenus‚
796 2238 850 2323 qui
873 2238 1110 2324 philosophiam

295 2326 429 2408 Omnem
452 2366 542 2410 suem
565 2345 726 2409 revocarit
748 2343 889 2408 divinem
912 2345 946 2407 in
969 2344 1082 2424 usiam,

293 2449 341 2514 De
364 2449 468 2514 Meris
487 2449 612 2536 virgine
635 2450 770 2534 quedem
793 2449 1057 2533 conscripserunt,

292 2554 358 2631 Que
381 2555 473 2620 nobis
495 2555 528 2618 in
553 2555 721 2620 autenticis
744 2554 871 2638 scriptis
895 2553 1108 2638 reliquerunt3

292 2657 481 2725 Relexentes
506 2661 643 2726 breviter
666 2660 766 2724 vitem
788 2659 962 2744 singularis

246 2787 270 2824 ιο
296 2764 442 2852 Virginis
465 2771 497 2832 et
519 2767 683 2852 genitricis
706 2767 791 2851 regis
814 2765 963 2831 eternalis

293 2871 536 2958 Descripserunt
559 2873 704 2937 universe
726 2871 792 2936 vite
814 2893 869 2936 sue
892 2874 1023 2950 statum,

295 2975 443 3062 Corporis
467 2981 499 3042 et
521 2969 626 3042 enimc
649 2978 742 3042 decus
766 2981 798 3042 et
820 2981 979 3041 ornatum.

292 3081 442 3150 Latinum
466 3083 499 3148 in
523 3083 684 3168 eloquium
706 3105 807 3168 nuper
829 3082 887 3147 hec
911 3081 1068 3146 translate

294 3185 442 3272 Repperi,
465 3188 518 3253 sed
542 3188 682 3252 nondum
705 3187 808 3251 edhuc
830 3185 957 3271 scriptis
979 3186 1156 3270 propalata.

243 3311 268 3348 u
295 3291 345 3357 nd
368 3291 495 3358 leudem
516 3315 596 3378 ergo
617 3292 753 3379 virginis
776 3293 956 3358 dulcissime
978 3289 1080 3357 Merie

295 3397 340 3464 Et
361 3395 440 3463 Jesu
462 3398 659 3464 dilectissimi
682 3399 782 3484 prolis
805 3421 861 3464 sue
883 3399 934 3482 pie

294 3501 355 3568 Ille
377 3504 496 3568 mundo
519 3503 716 3588 propalanda
739 3505 876 3570 scribere
897 3503 1020 3570 decrevi

294 3605 376 3675 Stilo
398 3609 474 3674 licet
496 3611 636 3698 rustico„
649 3631 793 3674 sermone
816 3615 923 3674 tamen
945 3609 1045 3690 brevi,

294 3711 341 3780 Ut
363 3715 433 3799 ipsu
455 3735 526 3780 cum
549 3714 617 3780 filio
640 3715 703 3780 mei
726 3715 868 3781 misereri

244 3839 268 3877 ιο
295 3819 454 3906 Dignctur
476 3825 509 3885 ct
530 3844 550 3886 c
571 3821 742 3886 demonum
765 3821 887 3906 laqueis
910 3821 1003 3902 tueri,

293 3925 337 3990 Et
359 3925 453 3991 Jcsus
476 3925 724 4013 benignissimus
748 3927 860 3992 metris
885 3927 925 3992 oh
948 3927 1101 3992 honorem

294 4029 484 4097 Convertere
506 4055 557 4098 me
580 4033 731 4098 miserum
754 4033 904 4118 dignetur
925 4036 1133 4118 peccatorem.

296 4135 356 4202 Sed
379 4160 417 4202 ex
440 4137 614 4223 evangeliis
637 4137 777 4224 plurime
799 4137 925 4224 collegi,
1135 4143 1139 4150 “

294 4241 361 4318 Quo
383 4247 549 4309 conectens
572 4245 606 4308 in
629 4265 729 4308 unum
752 4241 938 4328 opusculum
962 4243 1080 4329 redegi.

247 4364 270 4402 ²⁶
296 4346 429 4414 Sanctus
452 4349 625 4436 Dyonisius
649 4349 842 4436 Ariopagitis

295 4453 342 4519 De
364 4453 465 4522 Meris
489 4455 629 4521 transitu
653 4455 765 4520 scribit
788 4477 826 4520 ex
849 4456 908 4521 hnc
930 4455 1008 4536 vite,
