3014 4926
789 332 852 398 112

401 507 521 575 Versus
544 531 635 575 aures
656 509 863 576 condonenter
884 510 1041 578 modicum
1062 517 1223 598 protensa.

649 749 704 822 De
730 751 860 823 mento
885 749 988 824 Jesu.

321 951 373 988 ³⁹³⁰
401 931 674 999 Semioiroulatum
697 935 766 996 erat
788 936 941 1011 mentum,
964 935 1001 996 ut
1023 931 1153 997 decebat

399 1038 444 1103 llt
464 1039 623 1104 modinum
645 1035 829 1104 valliculurn
850 1059 908 1122 per
929 1037 1068 1102 medium
1090 1037 1238 1103 habebat.

662 1274 717 1348 De
747 1274 843 1346 collo
869 1274 971 1347 Jesu.

400 1455 525 1521 Collum
548 1455 615 1522 eius
638 1457 768 1522 canduit
789 1456 890 1522 lacteo
913 1455 1039 1537 tollore,

398 1560 516 1626 Debita
537 1562 685 1648 grossitie
706 1563 789 1627 miro
811 1583 884 1628 eum
906 1563 1024 1628 deoore.

403 1664 478 1732 Non
500 1663 563 1732 fuit
585 1669 678 1734 nimis
701 1667 830 1754 gracile,
853 1690 954 1753 neque
975 1668 1071 1734 nimis
1094 1669 1239 1752 spissum,

323 1791 374 1828 Μ
400 1770 513 1858 Neque
534 1773 629 1840 breve
651 1796 710 1866 nee¹
729 1775 762 1839 in
785 1774 917 1860 longum
939 1773 1072 1840 nimium
1095 1773 1263 1850 emissum3

398 1875 510 1962 Neque
531 1884 645 1964 guttur
667 1880 796 1959 tumuit,
818 1901 875 1946 neo
896 1879 959 1944 init
980 1884 1183 1956 strumosum,

398 1981 467 2048 Neo
489 2007 527 2049 ex
549 1985 655 2050 nervis
677 1985 778 2072 riguit
799 1983 917 2050 oollum
938 1987 1127 2050 tortuosum.

400 2088 524 2155 Collum
546 2089 624 2157 Jesu
646 2090 814 2176 pulchrum
836 2095 914 2171 erat,
937 2091 1068 2176 plenum
1090 2095 1186 2175 atque
1207 2083 1338 2167 rectum,

396 2191 525 2279 Semper
546 2197 613 2280 ipse
635 2195 734 2280 gessit
756 2195 817 2260 hoo
839 2194 984 2260 detenter
1007 2205 1040 2259 et
1061 2199 1208 2260 ereetum.

320 2317 371 2356 aaa
398 2297 485 2364 Raro
507 2321 600 2364 sunm
621 2299 725 2365 tenuit
747 2299 863 2365 collum
886 2299 1097 2379 incurvatum,

399 2391 481 2482 Quia
502 2427 625 2490 semper
646 2405 761 2470 hebuit
782 2409 878 2490 eaput
900 2405 1067 2471 elevatum.

396 2507 480 2574 Nam
504 2533 576 2596 sepe
599 2509 701 2576 oelum
724 2510 822 2575 oeulis
845 2510 897 2575 hio
919 2511 1116 2594 respiciebat,

395 2615 440 2679 Et
462 2615 502 2680 ed
524 2619 648 2699 patrem
670 2637 792 2700 semper
814 2615 881 2680 eius
903 2615 1062 2680 intentum
1084 2636 1138 2682 eor
1159 2614 1310 2710 habebat,

396 2717 489 2785 Unde
512 2721 629 2785 oollum
651 2720 808 2786 modicum
830 2721 955 2806 erigens
976 2721 1126 2800 extendit,

319 2843 371 2880 ³2⁴³
399 2824 453 2888 Ad·
472 2829 596 2910 patrem
618 2830 714 2910 caput
736 2826 861 2892 elevans
884 2825 983 2892 oculis
1005 2826 1153 2892 intendit.

396 2929 508 3014 Caput,
532 2931 666 3010 vultum,
690 2931 797 2996 oculos
819 2931 924 3016 sepius
946 2931 1056 3012 erexit,

396 3033 447 3099 Ad
470 3034 582 3117 celum,
605 3036 643 3102 de
665 3058 728 3122 quo
750 3041 889 3117 venerat,
912 3036 1030 3121 pluries
1053 3037 1199 3122 respexit.

619 3275 672 3351 De
699 3277 873 3351 manibus
900 3275 1004 3351 dean.

394 3453 509 3523 Manus
532 3463 623 3523 erant
643 3457 776 3538 habiles,
800 3459 940 3538 candide,
964 3460 1117 3541 decentes,

393 3561 507 3627 Molles
529 3567 562 3627 et
584 3563 776 3643 tractabiles,
799 3564 939 3629 deforme
961 3564 1007 3628 nil
1030 3565 1193 3630 habentes.

317 3684 369 3722 που
395 3665 504 3752 Longe
525 3667 613 3747 setis,
635 3689 720 3747 sane,
745 3669 839 3752 plene
860 3667 991 3734 fuerunt
1013 3673 1110 3754 atque
1131 3675 1225 3750 recte,

397 3771 499 3837 Carne
520 3773 710 3839 naturaliter
731 3777 822 3839 erant
844 3774 922 3839 bene
945 3779 1036 3841 tecte.

395 3874 433 3941 In
455 3877 520 3942 illis
542 3877 630 3943 nulle
651 3879 764 3944 vennle
785 3878 970 3946 deformiter
991 3883 1174 3966 turgebant,

392 3980 504 4066 Neque
526 3983 615 4048 nervi
638 3984 815 4068 riguerunt,
838 4007 895 4050 nee
918 4007 990 4050 ossa
1011 3985 1243 4070 prominebant.

699 4218 754 4292 De
782 4219 919 4315 digiti&

393 4399 506 4487 Digita
527 4402 704 4485 tornatiles,
727 4403 826 4490 longi,
848 4405 1003 4491 generosi,
