3014 4926
765 283 827 356 120

376 461 455 543 celi,
478 465 562 528 terre
584 463 757 526 creatorem
781 461 877 542 atque
899 461 1021 542 patrem
1044 479 1167 534 meum;

375 565 442 651 Ipsi
463 587 589 651 quoque
611 564 696 650 patri
718 585 850 629 mancus
871 584 994 646 semper
1016 562 1185 647 coequalis.

300 691 352 729 ³⁴⁸⁶
378 671 499 737 Eadem
522 672 553 735 in
577 668 758 736 substantia
780 691 834 736 seu
857 667 1071 734 aeternalia«

284 778 327 845 M.
377 777 485 855 »Quod
510 781 558 844 est
579 777 640 842 hoc
663 773 865 860 principium,
891 795 955 858 quo
978 772 1057 840 dicis
1079 776 1111 840 to
1134 771 1232 836 faisse

378 885 467 970 Aput
488 886 612 969 patrem
636 885 669 945 et
690 902 763 946 oum
785 883 877 964 petre
898 900 1020 962 semper
1043 882 1075 942 te
1096 877 1291 944 mansisset«

300 987 331 1055 J.
372 989 469 1054 ›Hoc
492 991 598 1054 autem
620 985 812 1070 principium
833 1007 898 1052 non
920 988 969 1048 est
990 983 1184 1068 inceptivum

381 1093 488 1160 Ullius
510 1091 596 1158 initii
618 1091 668 1157 vel
690 1090 916 1168 inchoativum,

301 1218 352 1256 ³⁴⁷⁰
380 1198 441 1266 Sed
463 1198 551 1262 nullo
574 1195 633 1262 sub
656 1195 749 1260 initio
771 1215 844 1260 cum
866 1217 930 1260 uua
953 1195 1079 1260 deitate.

380 1303 432 1369 Ab
454 1308 563 1371 eterno
586 1300 760 1368 mansimus
783 1300 816 1369 io
840 1300 909 1384 pari
932 1299 1126 1383 majestate«

289 1410 334 1475 Μ.
381 1407 492 1484 »Quod
515 1410 564 1474 est
586 1405 777 1490 principium
799 1403 926 1488 Moyses
948 1403 1032 1488 quod
1054 1401 1189 1485 scripsit,

380 1511 418 1576 Iu
442 1533 505 1596 quo
527 1510 629 1576 celum
652 1512 747 1593 atque
769 1512 888 1572 terram
909 1528 1030 1574 creasse
1052 1507 1144 1572 deum
1168 1504 1292 1568 dixit?‹

306 1617 336 1684 J.
386 1616 474 1681 »Hoc
496 1637 606 1683 verum
628 1619 676 1680 est
698 1613 900 1698 principium,
924 1613 958 1678 in
981 1635 1044 1697 quo
1065 1615 1141 1676 sunt
1163 1614 1269 1676 creata

304 1741 355 1780 ern
382 1721 529 1806 Tempus,
554 1720 665 1798 celum,
689 1719 805 1804 angeli,
828 1741 884 1802 per
907 1722 1030 1802 patrem
1052 1717 1217 1794 ordinater

366 1825 457 1894 ,Dies
481 1847 543 1890 nox
566 1829 598 1889 et
619 1823 731 1901 sidera,
755 1845 826 1888 cum
849 1822 958 1889 mundi
981 1822 1191 1896 firmamento,

385 1928 563 2008 paradisus,
586 1949 682 2008 mare,
705 1927 819 2007 fontes,
842 1949 914 1992 cum
936 1931 1019 1994 terro
1041 1927 1275 1992 fundamento«

292 2034 336 2100 M.
385 2033 587 2118 »Antequam
609 2033 667 2134 ¹3⁰⁰
690 2037 881 2112 crearentur,
904 2032 960 2098 ubi
982 2035 1019 2097 tu
1041 2031 1196 2109 mansisti,

282 2218 285 2224 Ι
383 2137 445 2206 Vel
468 2138 523 2207 ubi
547 2145 636 2223 pater
658 2138 826 2204 habitabat
848 2142 927 2222 aput
950 2159 1042 2222 quem
1065 2136 1201 2202 fuistis«

308 2243 339 2310 J.
388 2242 447 2308 »In
470 2245 578 2312 eadem
601 2245 704 2328 gloria
726 2247 834 2308 nostre
856 2243 1021 2321 trinitatis,

385 2347 569 2424 Quomodo
592 2367 710 2426 sumus,
733 2347 852 2416 fuimus
875 2348 981 2414 divine
1005 2346 1200 2422 maiestati„

385 2451 460 2518 Non
483 2454 567 2521 euim
589 2455 684 2532 locus,
708 2475 810 2537 noque
824 2457 958 2536 tempus,
981 2473 1038 2518 nec
1053 2452 1155 2518 celum
1170 2448 1255 2534 capit
1271 2449 1376 2528 deum,

385 2556 470 2622 Nam
481 2561 576 2636 terra,
589 2561 714 2642 pontus,
730 2557 842 2636 celum,
858 2556 947 2622 ether
959 2557 1106 2622 conclusa
1116 2560 1191 2620 sunt
1202 2577 1258 2639 per
1270 2576 1372 2618 eurus

295 2662 338 2728 M.
388 2661 488 2738 »Quid
511 2684 543 2726 es
565 2662 625 2727 hoc
648 2662 732 2746 quod
755 2662 947 2727 mentionem
970 2661 1073 2750 fecisti
1095 2660 1274 2726 trinitatis?

308 2784 360 2823 ³⁴⁸⁶
387 2766 455 2842 Quo
476 2770 524 2830 est
546 2766 602 2830 illa
623 2767 751 2832 trinitas
772 2766 877 2831 divine
900 2767 1117 2852 majestatis&

309 2870 340 2936 J.
389 2869 473 2935 ›Sub
496 2870 637 2955 personis
658 2871 762 2936 tribus
784 2893 892 2936 sumus
915 2873 948 2936 in
971 2893 1036 2936 una
1057 2871 1183 2949 deitate,

387 2973 424 3040 In
445 2998 569 3060 unaque
591 2975 780 3056 substantia,
802 2999 874 3041 cum
897 2977 966 3060 pari
988 2979 1154 3060 potestate,

387 3079 482 3144 Pater
505 3085 600 3165 atque
621 3081 706 3150 filius
728 3081 920 3166 spiritusque
942 3085 1080 3162 sauctus,

388 3183 498 3260 Quivis
521 3189 570 3250 est
590 3189 627 3250 ut
649 3185 730 3252 alius
753 3186 911 3272 dignitate
932 3189 1072 3250 tantus.‹

297 3288 340 3355 M.
389 3287 592 3360 »cumidem
615 3290 648 3354 in
671 3289 851 3356 substantia
873 3312 944 3356 cum
967 3290 1017 3356 his
1040 3291 1083 3356 sis
1106 3313 1187 3356 unus
1210 3291 1296 3366 deus,

389 3391 531 3468 Qualiter
553 3398 590 3458 tu
613 3395 698 3464 solus
721 3418 753 3460 es
775 3395 879 3462 factus
902 3418 979 3480 puer
1001 3399 1135 3464 meust«

187 3487 189 3491 ’
312 3497 343 3563 J.
392 3495 447 3562 »In
470 3519 605 3581 persona
626 3501 694 3566 sola
716 3523 786 3566 mea
807 3501 908 3570 deitas
930 3506 1059 3572 extensa

387 3601 448 3666 Est
470 3603 509 3666 ad
531 3606 623 3668 tuum
646 3608 771 3674 uterum
795 3608 827 3670 et
848 3626 942 3670 carne
964 3605 1206 3689 comprehensa,

389 3706 527 3774 aternus
550 3709 651 3792 patris
672 3709 757 3774 filius
779 3732 863 3776 nuuc
885 3733 955 3776 sum
977 3711 1169 3789 incantat-us,

312 3831 364 3868 θεοῦ
391 3811 436 3876 Et
458 3833 517 3896 ego
539 3833 610 3878 sum
633 3813 814 3880 dulcissima
836 3815 880 3880 mi
902 3820 1004 3884 mater
1026 3821 1098 3882 ate
1120 3819 1245 3880 natus«

299 3918 343 3983 M.
391 3915 477 3992 ›Que
499 3917 610 4002 pietas,
635 3940 696 4002 quo
718 3918 845 3986 bonitas
868 3925 900 3986 te
922 3921 968 3986 sic
989 3919 1150 3986 humiliari

392 4020 489 4101 Fecit,
512 4043 573 4106 que
595 4025 763 4090 necessitas
786 4026 891 4110 coegit
912 4027 1115 4094 innumeris«

312 4125 343 4191 J.
391 4123 549 4190 »Fraudes
571 4148 628 4209 per
650 4127 768 4192 diaboli
790 4151 874 4198 nunc
896 4134 944 4194 est
965 4130 1162 4214 captivatum

391 4229 574 4296 Humanum
598 4251 708 4316 genus,
731 4237 778 4300 est
801 4238 833 4298 et
855 4233 915 4300 hoo
938 4234 1072 4318 peccatis
1095 4233 1284 4318 obligatum.

312 4355 363 4395 soro
390 4333 427 4403 In
450 4333 534 4402 hunc
556 4357 632 4423 ergo
655 4339 725 4404 veni
748 4338 901 4406 muudum
924 4339 965 4408 ad
986 4339 1151 4408 demonem
1173 4337 1348 4426 ligandum,
