3080 4938
793 359 833 426 16

321 536 461 602 Primum
485 559 523 603 ex
538 557 693 622 aquarum
707 535 908 602 confluentia.
945 535 1087 603 Gcnflnit
1108 537 1193 602 onim
1216 537 1382 624 Hylarus¹

235 647 267 709 ct
290 643 422 709 Blauius
454 644 488 708 in
522 641 706 707 Danubium
729 646 761 707 et
775 641 814 707 fit
829 642 921 726 quasi
943 663 1020 706 crux
1035 641 1288 721 err-fluminibus,
1311 665 1386 708 narn

234 747 401 816 Danubius
418 749 458 814 ab
474 748 633 814 occidente
655 749 797 833 stipitem
812 749 955 814 extendit
975 747 1009 812 in
1030 748 1195 829 orientem,
1218 745 1384 834 Hylarua¹

236 879 255 920 a
278 855 408 920 meridie
430 854 578 920 dextrum
611 855 690 920 facit
720 851 903 934 brachium,
936 853 1068 919 Blauius
1097 875 1172 919 vero
1200 876 1220 918 a
1248 857 1385 938 septem·

234 961 338 1026 trione
360 960 543 1040 sinistrum,
566 962 694 1045 statque
716 957 814 1025 Ulma
836 959 927 1044 quasi
949 981 1044 1044 super
1067 960 1170 1043 ipsam
1204 959 1320 1039 affixa,
1353 965 1386 1024 et

234 1057 318 1130 sicui
340 1087 397 1150 per
418 1087 542 1130 crucem
565 1066 736 1150 accipimus
759 1066 866 1130 omnia
888 1066 971 1130 bona
994 1069 1027 1130 ct
1048 1066 1182 1130 terrenis
1205 1065 1386 1150 iunguntur

233 1169 380 1249 celestia,
415 1169 460 1234 sic
482 1191 539 1254 per
561 1167 691 1234 Ulmam
720 1169 880 1235 mediante
910 1169 1042 1235 flumine
1065 1174 1277 1255 apportantur
1299 1170 1384 1234 bona

234 1275 358 1364 patria,
382 1279 415 1340 ct
438 1274 615 1359 superiores
638 1275 842 1340 inferioribus
864 1275 1052 1361 iunguntur.
1096 1273 1183 1340 Nam
1205 1297 1303 1359 supra
1323 1274 1385 1341 Ul·

234 1404 320 1446 mam
342 1379 509 1446 Danubius
531 1401 604 1446 curn
627 1380 670 1446 sit
691 1380 929 1466 innavigabilis,
953 1403 1043 1466 paene
1058 1381 1182 1445 inutilis
1198 1384 1256 1460 est,
1280 1379 1334 1443 sed
1350 1378 1384 1442 in

233 1487 332 1554 Ulma
354 1491 465 1551 auctus
488 1485 674 1552 fluminibus
696 1487 855 1572 praedictis
871 1486 910 1551 fit
924 1485 1014 1551 ubilis
1028 1485 1233 1571 navigatione
1249 1482 1382 1561 Sueriae,

233 1591 388 1671 Bavariae,
401 1591 551 1670 Austriae,
567 1595 600 1656 et
609 1592 787 1677 peregrina
794 1613 911 1656 merces
921 1591 1060 1656 vicissim
1072 1594 1159 1656 terra
1170 1589 1381 1655 advehuntur.

233 1697 308 1762 Ideo
331 1701 489 1762 terramm
512 1699 544 1762 et
565 1719 722 1780 aquarum
745 1697 953 1780 descriptores
982 1717 1091 1762 omnes
1114 1699 1238 1780 ponunt
1256 1692 1383 1760 Ulmam

233 1825 300 1868 esse
322 1802 357 1867 in
379 1803 482 1886 capite
504 1801 658 1880 Danubii,
696 1801 771 1886 quia
794 1801 939 1887 judicant
961 1801 1145 1866 Danubium
1177 1800 1222 1864 ibi
1244 1799 1384 1883 incipere

233 1909 290 1972 ubi
312 1907 425 1992 incipit
447 1907 536 1972 utilis
558 1911 591 1972 et
613 1907 804 1992 navigabilis
827 1927 903 1971 esse.
927 1928 965 1972 ex
987 1907 1050 1971 hiis
1072 1927 1150 1990 ergo
1171 1904 1275 1970 infero
1298 1905 1382 1989 quod

234 2014 385 2099 quamdiu
401 2012 525 2092 Suesia,
543 2011 689 2090 Bavaria,
706 2013 838 2076 Austria
849 2009 1038 2075 inhabitatae
1050 2014 1136 2088 sunt,
1151 2009 1274 2074 tamdiu
1286 2007 1383 2075 Ulma

234 2119 346 2186 civitae
369 2119 442 2199 fuit,
465 2119 540 2203 quia
562 2123 658 2202 caput
688 2117 772 2182 tanti
794 2115 953 2196 fluminis,
985 2137 1089 2200 aquo
1112 2113 1256 2199 pretate
1287 2119 1381 2180 terrae

236 2225 410 2304 alluuntur,
433 2223 502 2288 sine
523 2223 653 2288 civitate
670 2243 737 2288 esse
760 2243 822 2287 non
840 2227 897 2306 pot
922 2222 955 2301 't,
979 2243 1051 2286 cum
1069 2219 1214 2285 homines
1230 2218 1272 2284 ab
1286 2219 1380 2284 initio

234 2329 329 2394 simul
361 2328 677 2408 communicaverint,
711 2327 835 2392 ratione
865 2347 946 2411 crgo
972 2325 1203 2408 communionis
1233 2325 1382 2390 humanis

234 2433 450 2500 contractibus
474 2437 506 2497 et
528 2431 769 2498 necessitatibus
784 2432 1006 2518 requirebatur
1021 2433 1055 2498 in
1074 2433 1144 2498 loco
1158 2431 1216 2497 illo
1231 2431 1272 2496 ab
1287 2431 1380 2496 initio

232 2539 353 2607 civitas.

321 2643 420 2709 Aliud
451 2641 654 2728 antiquitatis
687 2641 817 2726 signum
849 2647 899 2710 est
927 2642 1147 2708 convenientia
1180 2641 1380 2726 publicarum

232 2749 356 2814 viarum
379 2753 411 2814 et
441 2751 622 2814 stratarum.
672 2745 765 2812 Jacct
792 2749 880 2813 enim
910 2748 1008 2815 Ulma
1041 2749 1132 2834 quasi
1163 2751 1318 2833 punctum
1348 2747 1381 2811 in

232 2855 335 2920 medio
357 2855 476 2933 circuli,
500 2877 519 2918 a
541 2875 604 2938 quo
626 2855 881 2937 protraccae2viae
902 2855 993 2939 qnasi
1025 2853 1116 2918 lineoe
1144 2856 1319 2917 cernuntur
1340 2853 1380 2918 ad

232 2983 358 3026 omnem
380 2960 489 3026 circuli
519 2959 541 3026 i.
565 2981 591 3024 e.
624 2959 735 3024 mundi
764 2959 878 3024 locum.
923 2957 1047 3024 Notum
1078 2961 1186 3022 autem
1218 2961 1268 3022 est
1296 2958 1381 3043 quod

233 3066 384 3152 quamdiu
406 3065 538 3130 fuerunt
569 3064 730 3143 homines,
760 3065 883 3130 tamdiu
906 3064 1150 3129 ambulaverunt
1181 3085 1239 3147 per
1269 3067 1381 3143 terras,

232 3173 333 3238 etita
355 3172 389 3236 in
412 3169 518 3250 Ulma,
542 3170 597 3235 ubi
619 3173 669 3234 tot
699 3170 757 3234 viae
787 3173 901 3234 coeunt
929 3169 968 3234 da
991 3167 1166 3234 Alemaniae
1196 3169 1381 3253 regionibus

231 3277 266 3342 in
288 3276 416 3342 Italiam
438 3281 471 3342 et
493 3280 623 3354 ceteras,
646 3295 772 3340 necasse
787 3279 835 3339 est
849 3273 948 3340 fuisse
965 3274 1005 3339 ab
1029 3274 1133 3353 initio,
1157 3295 1220 3359 quo
1235 3273 1379 3339 homines

1524 1017 1531 1076 t

233 3381 397 3448 ambulare
418 3385 593 3467 caeperunt,
615 3380 650 3444 in
665 3379 733 3445 loco
748 3379 964 3446 habitationes
977 3381 1016 3445 ad
1032 3380 1137 3445 minus
1159 3401 1218 3465 pro
1233 3378 1381 3465 hospitiis
1458 3441 1467 3466 ,
1529 3353 1530 3384 ¹

232 3489 514 3574 peregrinantium.

323 3593 467 3659 Tertium
479 3593 607 3679 signum
618 3593 785 3659 vetustatis
797 3595 845 3657 est
857 3591 1031 3674 antiquitas
1045 3589 1259 3657 aedificicrum.
1295 3591 1380 3657 Nam

233 3721 342 3764 murus
364 3700 503 3783 antiquae
525 3699 664 3764 civitatis
688 3699 922 3764 vetustissimus
944 3701 976 3762 et
989 3696 1110 3781 spissus
1132 3701 1190 3776 est,
1213 3695 1305 3762 valde
1324 3697 1380 3761 fir-

232 3825 303 3867 mus
326 3802 364 3869 de
386 3804 544 3888 lapidibus
567 3807 768 3888 compactus,
799 3825 878 3888 quos
901 3801 1044 3868 moderni
1075 3802 1212 3867 artifices
1236 3803 1382 3867 nesciunt

233 3908 271 3972 de
295 3909 410 3992 quibus
433 3911 510 3975 locis
533 3910 624 3974 allati
647 3909 728 3988 sint,
751 3908 797 3973 sic
819 3908 950 3973 ecclesia
969 3911 1088 3974 sanctae
1119 3909 1221 3973 crucis
1254 3911 1382 3973 sabata

232 4013 324 4079 valde
346 4019 403 4094 est,
427 4018 459 4078 et
481 4014 602 4099 capella
624 4014 726 4078 sancti
742 4011 872 4098 Georgii
894 4018 927 4078 et
948 4013 1051 4078 sancti
1066 4011 1190 4098 AEgidii
1212 4018 1244 4078 et
1266 4013 1380 4078 domus

233 4119 357 4204 antiqui
388 4118 536 4204 plebani,
568 4123 600 4184 et
631 4118 725 4204 plura
757 4117 821 4182 alia
852 4117 985 4184 aedifieia
1018 4121 1210 4184 vetustatem
1240 4119 1381 4184 civitatis

232 4227 459 4290 demonstrant.

304 4364 314 4416 1
336 4361 458 4428 Hylarus
477 4379 507 4418 so
525 4362 577 4416 hat
595 4361 657 4418 seh.
676 4309 843 4424 verbaseit,
863 4363 934 4416 urta
954 4362 1066 4436 Hylaris
1084 4363 1158 4419 Mon.
1176 4365 1201 4417 2.
1221 4361 1313 4419 Schm.
1334 4366 1383 4420 uh.

233 4449 276 4503 Kl.
296 4448 382 4505 Wibl.
401 4447 469 4506 Golr.
488 4453 518 4506 ct
537 4451 608 4508 Besa.
663 4454 679 4506 2
697 4451 821 4521 Hylates
839 4448 938 4515 Schad,
959 4450 1009 4506 wie
1027 4451 1105 4516 oben,
1125 4451 1241 4521 hylares
1262 4451 1338 4510 bion.
1357 4455 1383 4532 2„
