2996 4924
643 361 684 430 61

247 536 346 616 Quem
369 539 459 604 novit
481 537 583 604 sancti
605 537 736 622 spiritus
759 538 959 604 revelatione.

244 644 332 730 Ergo
357 645 468 709 matris
491 649 581 708 utero
604 644 728 708 clausus
751 643 916 708 exultabat

168 767 220 804 reos
247 747 398 814 Nondum
420 753 514 812 natus
538 752 711 812 creatorem
734 771 827 812 suum
847 749 1009 813 adorabat.

246 853 477 938 Elisabethque
499 853 614 936 spiritu
637 856 747 917 sancto
770 851 952 936 replebatur

246 958 290 1023 Et
311 958 419 1023 infans
443 959 509 1022 eius
532 958 615 1022 uteri
638 961 714 1022 tunc
736 957 971 1037 sanctificatur;
1082 959 1085 972 '

246 1065 294 1129 Ac
315 1064 496 1130 exclamans
520 1064 587 1128 vice
609 1084 726 1148 magna
749 1063 896 1148 prorupit
917 1063 951 1127 in
974 1061 1032 1128 hec
1054 1063 1157 1128 dicta:

251 1168 330 1233 »Pre
352 1169 474 1234 cunctis
496 1166 682 1233 mulieribus
704 1171 742 1232 tu
764 1190 797 1234 es
820 1169 993 1248 benedicta,

168 1293 221 1330 ¹⁸¹⁰
247 1273 355 1358 Atque
376 1273 559 1338 benedictus
581 1277 630 1338 est
651 1271 774 1337 fructus
796 1274 915 1338 ventris
938 1275 1004 1352 tni3

248 1378 295 1445 Ut
317 1380 356 1444 ad
380 1401 430 1444 me
454 1380 575 1444 venires
598 1381 634 1442 tu
656 1401 819 1463 nunquam
841 1379 940 1465 digna
960 1377 1018 1456 rui,

246 1483 391 1560 Qualiter
413 1481 473 1548 lroc
495 1484 597 1548 merui
619 1483 703 1569 quod
725 1488 828 1549 mater
853 1484 1021 1548 creatoris

247 1587 298 1652 Ad
319 1611 371 1654 me
392 1589 523 1666 veniret,
547 1587 698 1668 omnium,
721 1589 895 1673 mundique
917 1588 1123 1672 redemptoris

247 1694 298 1759 Er
320 1717 384 1779 quo
406 1693 607 1758 salutationis
630 1697 685 1757 tue
705 1715 768 1757 vox
794 1699 842 1758 est
863 1693 956 1772 facta,

175 1817 225 1854 1⁸1⁶
251 1797 347 1862 Nunc
367 1799 401 1862 in
422 1798 501 1863 meis
523 1797 653 1863 auribus
675 1821 744 1862 sum
768 1803 873 1864 mente
895 1798 1080 1882 stupefacta.

250 1901 322 1968 Meo
344 1925 418 1968 nam
440 1903 474 1966 in
497 1907 587 1968 utero
610 1925 688 1986 puer
710 1902 866 1968 exultavit

246 2001 295 2072 'Et
316 2012 372 2072 tuo
395 2007 534 2072 clausam
556 2011 647 2072 utero
670 2008 763 2072 deum
786 2008 938 2072 adoravit.
1014 2045 1020 2056 ·
1051 2068 1055 2076 .

252 2112 362 2198 Virgo,
386 2113 462 2196 quia
483 2112 652 2192 credidisti,
676 2116 712 2176 tu
735 2133 768 2176 ea
791 2111 973 2191 benedicta3

249 2215 286 2282 ln
310 2221 341 2281 te
364 2239 437 2282 nam
460 2217 662 2302 perficientur
684 2240 704 2281 a
726 2217 783 2282 deo
806 2239 867 2302 que
889 2224 964 2283 sunt
986 2219 1100 2284 dicta<

172 2340 222 2378 rrae
249 2321 324 2388 Post
345 2323 406 2388 hoc
426 2323 485 2388 deo
507 2323 626 2407 pariter
646 2322 755 2388 laudes
776 2323 997 2404 decantabant,

251 2428 449 2508 Exultantes,
473 2427 644 2494 iubilantes
667 2429 759 2493 deum
782 2429 966 2494 adorabant.

249 2533 293 2597 Et
315 2533 419 2598 Maria
441 2533 599 2598 canticum
622 2533 749 2598 domino
776 2535 927 2599 cantabat

251 2638 470 2724 Magnificam,
495 2639 677 2724 glorificans
702 2639 759 2704 heo
781 2639 885 2704 dicens
908 2638 1142 2724 proclamabat:

398 2881 593 2954 Canticum
622 2879 739 2953 Mario
766 2879 932 2975 virginis,

252 3061 439 3148 Magnificat
461 3083 545 3126 nunc
567 3061 673 3127 anima
697 3083 766 3126 mea
789 3062 880 3126 deum
904 3085 1019 3142 meum,

178 3185 225 3222 ¹⁶²⁶
253 3169 297 3234 Et
319 3168 476 3234 exultauit
499 3167 629 3252 spiritus
652 3189 819 3253 meumque
841 3189 895 3231 cor
916 3169 950 3232 in
973 3189 1064 3244 eum;

251 3273 335 3338 Nam
356 3273 571 3338 humilitatem
595 3273 676 3336 vidit
697 3273 796 3357 ipsius
820 3272 933 3337 ancille

253 3378 302 3442 Ex
323 3378 384 3442 hoc
407 3379 532 3442 beatam
554 3401 605 3443 me
627 3377 732 3442 dicent
753 3379 898 3444 nationes
921 3377 1017 3456 mille,

252 3483 371 3567 Magna
392 3483 468 3568 quia
489 3483 565 3548 fecit
587 3482 666 3548 mihi
689 3484 744 3568 qui
766 3488 878 3568 potens
901 3486 949 3547 est
971 3486 1003 3547 et
1024 3483 1111 3566 pius,

252 3588 402 3654 Sanctum
425 3594 521 3674 atque
542 3587 717 3674 gloriosum
740 3609 855 3653 nomen
878 3591 926 3652 est
948 3587 1057 3671 ipsius,

179 3709 227 3746 ¹⁸³⁰
252 3691 421 3777 Ipsumque
443 3690 629 3756 timentibus
651 3695 700 3756 est
721 3691 809 3756 mitis
832 3691 1006 3756 miserendo

253 3795 402 3882 Fecitqua
424 3797 599 3882 potentiam
622 3795 775 3880 superbos
797 3795 1016 3880 dispergendo,

250 3899 398 3986 Implevit
420 3901 512 3966 bonis
535 3900 682 3966 omnibus
704 3901 820 3965 famem
843 3901 999 3985 patientes

192 4009 200 4016 '
257 4005 300 4070 Et
321 4007 442 4072 dimisit
463 4005 577 4070 divites
599 4007 708 4070 inanes
730 4009 762 4070 et
784 4010 922 4091 egentes,

254 4109 395 4195 Suscepit
415 4109 516 4176 Jacob
538 4133 670 4196 puerum
692 4131 784 4175 suum
806 4109 988 4176 recordatus

659 4253 676 4293 a

174 4349 279 4405 16216
296 4352 439 4407 exaltavit
503 4355 567 4409 1661
586 4355 610 4410 G
628 4355 757 4424 potentes
775 4354 848 4408 statt
866 4353 1006 4424 superbos.
1072 4355 1140 4410 1634
1157 4354 1182 4410 G
1199 4353 1239 4408 Is·

104 4437 163 4492 rael
181 4438 253 4491 statt
269 4437 357 4498 Jacob.
