3034 4922
784 313 848 380 214

394 489 497 576 Atque
519 513 574 555 sue
595 489 726 554 visionis
749 490 939 574 promissum
962 491 1180 574 prestolantes.

391 596 442 661 Ibi
465 618 498 661 se
519 593 736 660 manifestavit
759 595 906 660 omnibus
927 617 1081 679 apparens

314 719 365 758 ⁶³2⁶
391 700 429 766 In
452 723 545 766 carne
566 699 669 779 lesus,
693 700 779 764 omni
801 701 866 764 iam
888 701 1083 766 mortalitate
1104 723 1231 780 carens;

393 805 564 891 Ipsumque
586 805 731 890 discipuli
754 805 896 871 videntes
919 807 1094 871 adorabant

392 911 436 975 Et
458 931 530 974 cum
552 931 669 995 magno
691 909 809 996 gaudio
830 909 938 976 laudes
961 911 1022 974 sibi
1044 911 1173 976 dabant.

391 1014 480 1080 Inter
501 1015 574 1080 illos
597 1015 725 1100 quidam
747 1021 847 1095 erant,
872 1017 926 1101 qui
949 1040 1013 1082 non
1036 1017 1243 1094 crediderunt,

292 1149 296 1156 ·
392 1117 453 1184 Sed
477 1119 628 1184 visionem
651 1120 757 1204 angeli
779 1121 848 1185 fore
870 1125 1071 1205 putaverunt

319 1243 369 1280 οπο
397 1223 520 1288 Horum
543 1225 795 1290 incredulitatem
818 1224 911 1290 Jesus
934 1228 1130 1310 exprobavit,

393 1327 437 1394 Et
459 1351 493 1394 se
516 1351 625 1394 verum
648 1330 716 1394 fore
739 1331 830 1395 deum
854 1335 886 1396 et
908 1330 1068 1396 hominem
1091 1333 1249 1416 probavit,

394 1434 527 1500 Dicens:
554 1433 654 1498 »Mihi
677 1435 752 1498 data
773 1435 837 1498 iam
860 1435 963 1498 omnis
985 1439 1033 1500 est
1054 1440 1205 1520 potestas,

394 1537 433 1603 In
455 1538 549 1603 terris
571 1541 603 1603 et
625 1539 659 1602 in
681 1539 755 1603 celis
778 1543 892 1623 regnat
912 1560 983 1603 mea
1005 1540 1068 1604 iam
1091 1541 1275 1607 maiestasls

394 1641 472 1707 Post
493 1642 554 1708 hoc
575 1644 609 1709 in
632 1642 808 1708 Jerusalem
832 1665 940 1709 omnes
962 1644 1021 1709 hos
1044 1645 1145 1710 redire
1228 1681 1230 1686 v

317 1765 368 1804 ⁸³³⁵
394 1743 498 1813 dussit'
519 1747 622 1828 Jesus‚
646 1750 733 1814 etin
756 1771 854 1814 unum
877 1749 980 1814 locum
1002 1753 1176 1826 convenire,

396 1853 439 1920 Et
462 1853 674 1918 ascensionem
697 1853 763 1917 eius
784 1853 902 1917 ibidem
924 1858 1113 1939 exspectare,

396 1957 516 2026 Voleus
538 1981 644 2025 coram
667 1958 813 2026 omnibus
836 1960 876 2026 ad
899 1958 981 2026 celos
1004 1980 1151 2025 remeare.

240 2262 343 2348 Quod
371 2263 542 2336 dominus
577 2263 615 2334 in
650 2263 708 2335 die
734 2261 959 2336 ascensionis
988 2262 1163 2357 apparuit
1190 2259 1380 2354 discipulis

683 2387 723 2460 in
751 2387 940 2460 cenaculo.

397 2593 482 2658 Hinc
504 2594 554 2659 die
576 2594 818 2678 quadragesimo
840 2593 935 2658 simul
957 2597 1172 2658 convenerunt

396 2697 512 2764 Omnes
535 2699 569 2764 in
591 2699 768 2764 Jerusalem
790 2704 822 2763 et
843 2719 994 2783 magnam
1016 2698 1216 2762 intraverunt

320 2823 371 2860 ⁶³⁴⁰
397 2795 623 2882 Domum‚'ubi
645 2803 790 2868 undecim
813 2802 959 2887 discipuli
983 2801 1155 2867 manebant

397 2908 476 2974 (lum
497 2908 601 2973 Maria
622 2913 725 2973 matre
747 2908 833 2987 Jesu,
855 2908 963 2993 ibique
986 2905 1210 2973 recumbebant

397 3013 552 3079 Undecim
574 3014 710 3098 apostoli
733 3036 804 3078 cum
827 3014 950 3099 virgine
973 3013 1083 3093 Maria,

396 3119 441 3184 Et
463 3119 559 3184 ceteri
582 3119 727 3204 discipuli
751 3119 806 3204 qui
828 3118 938 3184 desum
960 3119 1022 3184 fide
1045 3119 1098 3204 pia

395 3223 510 3289 Adhuc
533 3226 689 3290 viventem
713 3223 942 3308 sequebantur3
967 3224 1001 3287 hi
1025 3229 1100 3288 tune
1123 3221 1344 3288 convenientes

321 3347 372 3386 ⁶³⁴⁵
399 3329 636 3414 Exspectabant
658 3330 821 3394 dominum
843 3329 936 3394 simul
953 3327 1179 3394 recumbentes.

399 3436 563 3520 Apparens
585 3435 649 3500 illia
672 3434 817 3499 dominus
840 3457 873 3499 se
895 3433 1114 3499 manifestavit

396 3541 533 3608 Etcum
555 3539 818 3606 manducantibus
840 3541 908 3625 ipse
930 3540 1142 3605 manducavit.

398 3644 436 3710 In
459 3646 599 3710 humana
621 3665 715 3710 earne
737 3667 795 3710 sua
817 3669 850 3710 se
873 3646 981 3710 vivum
1003 3643 1054 3709 hia
1077 3643 1214 3710 ostendit

398 3749 612 3826 Quorumdam
636 3749 787 3814 duritiam
809 3751 946 3836 benigne
969 3749 1179 3834 reprehendit,

321 3877 372 3912 οπο
399 3855 480 3931 Quia
503 3855 586 3920 tardi
608 3854 736 3921 fuerant
759 3857 798 3921 ad
821 3856 1032 3940 recipiendum

399 3960 461 4026 Sue
484 3960 722 4026 resurrectionis
745 3961 837 4027 fidem
861 3965 893 4026 et
915 3958 1111 4024 credendum.

400 4064 457 4128 »ln
481 4064 663 4144 mundum,
688 4067 743 4146 eit,
769 4065 969 4129 »universum
992 4063 1036 4128 ite
1058 4063 1253 4146 predicantes

400 4168 505 4233 Meum
527 4169 737 4254 evangelium,
761 4169 930 4248 credentes,
954 4168 1150 4252 baptizantes

398 4273 436 4338 In
459 4273 559 4358 patris
583 4277 679 4358 atque
701 4273 761 4338 filii
783 4274 976 4358 spiritusque
998 4273 1099 4365 saneti

321 4396 371 4441 ⁰³⁶⁶
398 4377 554 4456 Nomina
577 4383 732 4450 statutum
757 4379 821 4478 hoc.
839 4380 881 4445 sit
904 4377 991 4443 omni
1012 4377 1198 4463 baptizanti,
