3034 4922
685 367 747 434 265

290 539 328 608 [n
350 542 465 628 regulis
488 541 622 608 thelemi
644 563 797 628 sponsam
819 547 852 608 et
874 544 1029 630 reginum,

294 645 341 714 Ut
362 650 398 712 tu
420 647 500 713 rnihi
522 669 648 732 perores
670 647 772 713 fliium
795 649 851 734 qni
873 650 949 714 deus

290 751 334 818 ut
356 752 451 819 homo
473 753 566 833 foret,
589 753 622 818 in
646 775 710 839 quo
732 757 859 820 sanctus
882 753 1031 820 resideret
1054 777 1142 822 meus

291 855 439 942 Spiritus,
463 861 494 924 et
515 858 681 924 hominum
704 879 805 945 genus
827 859 883 945 qui
904 859 1052 937 salvaret,

211 981 265 1020 ross
291 962 335 1028 Et
356 985 413 1048 per
435 985 526 1030 susm
548 964 726 1050 passionem
747 965 901 1030 mundum
923 965 1081 1030 liberaret.

155 1061 160 1072 ’
293 1069 391 1154 Ergo,
415 1092 485 1136 mes
506 1091 633 1154 sponse,
656 1070 749 1135 veni!
773 1093 847 1136 nem
869 1092 974 1136 meum
997 1069 1031 1135 in
1055 1075 1086 1136 te
1108 1091 1225 1156 ponem

292 1171 467 1254 Thronum‚
489 1171 549 1239 tibi
574 1173 665 1260 regni
686 1174 749 1240 mei
772 1174 915 1242 tribuens
937 1161 1115 1242 coronam<

455 1487 570 1564 Filius
597 1489 760 1586 suscepit
786 1489 957 1565 Marium.

293 1697 394 1765 Filius
417 1699 481 1765 sit:
508 1697 620 1780 »Veni
643 1699 714 1765 voni
736 1703 839 1766 meter
860 1702 1054 1768 venerenda!
1129 1691 1132 1700 ⁴

294 1801 387 1884 Veni,
409 1825 480 1870 mes
502 1805 652 1890 genitrix,
675 1805 775 1870 dulcis
797 1809 830 1871 et
852 1807 996 1872 emenda.

217 1929 268 1968 που
293 1908 385 1992 Veni,
408 1932 493 1976 nnnc
514 1911 653 1976 introeas
676 1909 906 1976 habitatione!

292 2013 408 2095 Meam,
430 2019 467 2080 ut
489 2014 622 2101 recipias
644 2014 891 2082 consolationem

293 2118 371 2186 Post
392 2120 524 2206 longum
546 2124 637 2186 tuum
659 2119 842 2200 insolutum,
867 2145 886 2186 s
908 2143 958 2186 me
979 2125 1036 2188 tuo
1059 2128 1146 2205 nato,

290 2223 337 2294 Ut
358 2225 393 2290 in
415 2245 515 2312 regno
537 2226 683 2312 glorieris
705 2227 765 2292 tibi
788 2231 967 2312 preparato.

290 2329 360 2396 Tuo
382 2353 458 2396 nnrn
479 2331 512 2396 in
535 2336 626 2397 utero
648 2335 758 2397 ssnoto
780 2331 923 2397 tribuisti

214 2434 372 2502 roncini
397 2433 519 2503 dulcerir
542 2437 747 2517 mensionem,
770 2459 842 2502 curn
864 2459 914 2502 mc
935 2437 1115 2523 concepisti,

289 2538 336 2608 Ut
358 2541 530 2608 homonem
553 2565 572 2608 s
594 2547 626 2608 te
648 2565 775 2608 cernem
796 2542 876 2608 mihi
898 2540 1088 2626 copularem,

290 2643 422 2712 Necnon
443 2647 478 2712 in
500 2652 532 2713 te
554 2649 703 2714 usuum
726 2669 829 2714 mecm
852 2648 1059 2713 iuosrnnrcm.

289 2749 450 2838 Virgincis
473 2752 622 2819 uberibus
644 2775 695 2820 me
717 2753 781 2819 tuis
803 2757 839 2818 tu
862 2753 989 2818 lactasti

289 2855 335 2922 Et
357 2877 465 2922 amore
486 2880 537 2923 me
558 2862 702 2924 materno
724 2858 869 2924 decenter
892 2857 1042 2923 educasti.

213 2979 266 3020 ruo
291 2960 344 3027 Me
366 2961 484 3048 viginti
506 2985 618 3029 novem
642 2963 734 3028 annis
757 2966 792 3028 tu
816 2983 942 3048 quoque
963 2961 1128 3027 nutrivisti

290 3065 334 3132 nt
355 3065 436 3132 mihi
458 3067 577 3132 victum
598 3065 707 3132 labore
729 3088 881 3132 mannum
902 3065 1098 3150 conquisisti.

291 3170 379 3257 Ergo
402 3171 502 3236 dulcis
524 3175 626 3236 nister
647 3193 718 3236 mes
740 3191 825 3237 nunc
845 3170 1044 3258 ingredieris,

290 3277 369 3343 Meis
392 3281 430 3343 ut
452 3277 613 3370 perpetuis
636 3277 755 3344 deliciis
777 3277 904 3358 tinnis,

290 3381 334 3448 Et
355 3403 446 3449 cerne
468 3387 560 3448 tunm
581 3381 684 3448 filiurn
707 3405 757 3449 me
778 3383 958 3450 deificatum

213 3503 265 3544 rw
291 3483 335 3554 Et
356 3485 405 3554 dei
428 3487 629 3574 unigenitum
651 3509 702 3554 nro
723 3487 817 3554 deum
838 3487 1084 3554 humanatum<

344 3803 505 3902 Spiritus
531 3805 686 3878 sanctus
715 3803 877 3898 suscepit
904 3802 1074 3877 Mariam.

291 4007 425 4078 Sanctus
448 4011 494 4077 sit
515 4011 664 4098 spiritus:
691 4008 820 4076 »Solvet
843 4010 1009 4078 benedictn

292 4115 394 4183 Meris
416 4117 518 4204 virgo,
542 4139 603 4202 qne
625 4116 749 4182 solvisti
771 4115 868 4182 seculi
891 4116 1014 4182 delicto.

292 4221 340 4288 ‘l'u
364 4243 396 4288 es
418 4220 476 4287 itin
497 4245 592 4308 snper
613 4243 709 4308 quem
731 4243 790 4307 ego
813 4221 953 4307 requievi

293 4327 337 4394 nc
358 4349 453 4412 quern
475 4349 535 4415 ego
557 4327 735 4413 septiformi
756 4327 863 4412 moun
884 4325 1013 4412 repleri,

215 4449 267 4490 πω
295 4433 342 4498 Ac
363 4433 397 4498 in
420 4433 531 4499 mntns
553 4437 644 4502 utero
666 4436 699 4500 te
720 4431 914 4499 sanctificavi
