3014 4926
773 345 838 442 ‘oe

246 622 351 708 Quod
378 623 490 698 lesus
519 624 713 718 suspendit
747 625 930 697 amforam
967 647 1073 698 suam
1103 649 1214 720 super
1246 628 1390 700 radium

767 747 866 820 solis.

323 955 374 994 2⁷⁸0
401 939 446 1004 Et
468 939 506 1004 de
528 924 617 1006 fonte
639 938 732 1004 Jesus
755 962 832 1024 puer
854 940 1043 1026 quandoque
1065 941 1236 1020 deferebat,

403 1043 530 1127 Aquam
552 1065 607 1107 sue
629 1043 776 1128 genitrici
800 1066 895 1128 quam
917 1044 1025 1110 bibere
1048 1044 1184 1124 volebat,

401 1147 491 1214 Tunc
513 1172 607 1232 super
629 1148 705 1213 solis
728 1149 851 1214 radium
876 1150 1038 1214 vasculum
1060 1150 1234 1234 suspendit,

400 1253 445 1318 Et
466 1258 539 1337 post
560 1276 593 1318 se
616 1254 714 1318 solem
735 1255 818 1318 sicut
840 1255 947 1318 funem
970 1277 1042 1320 cum
1066 1256 1194 1320 vasculo
1216 1257 1360 1320 tetendit.

391 1570 495 1670 Quod
524 1593 616 1664 puer
644 1572 755 1644 Jesus
783 1575 927 1667 positus
954 1579 1013 1648 est
1040 1575 1086 1648 ad
1115 1578 1245 1650 scolas.

403 1782 506 1847 Maria
528 1783 644 1848 ducens
666 1783 769 1848 filium
792 1784 831 1847 ad
853 1785 953 1848 scolas
976 1785 1208 1850 commendavit

326 1908 377 1945 2⁷⁸⁶
405 1889 572 1976 Magistro,
596 1889 680 1974 quod
704 1894 735 1954 et
757 1889 880 1954 litteras
904 1889 1017 1954 docent
1039 1889 1123 1954 hunc
1146 1891 1281 1975 rogavit.
1325 1908 1327 1912 ’

405 1991 520 2058 Omnia
543 1993 680 2078 perfecte
702 2015 780 2078 puer
802 1993 1001 2058 doctissimus
1023 1993 1152 2072 sciebat,

403 2098 498 2163 Hunc
520 2099 673 2183 magister
696 2099 738 2164 de·
756 2098 921 2181 scripturis
944 2099 1053 2162 docere
1076 2121 1137 2182 que
1159 2097 1296 2177 volebat,

402 2205 482 2270 (lum
501 2209 631 2269 ventum
653 2208 701 2270 est
723 2205 762 2268 ad
786 2204 926 2271 litteram
948 2201 970 2267 J
993 2225 1053 2286 que
1077 2207 1286 2288 nuncupatur,

374 2381 379 2391 ⁸
403 2308 496 2374 Jesus
520 2310 583 2374 ait:
609 2309 749 2375 »Littera
772 2309 847 2393 quid
870 2309 928 2374 hec
949 2309 1221 2392 interpretaturi«

324 2433 376 2472 urae
403 2412 463 2479 Sed
486 2435 557 2478 curn
581 2413 690 2478 doctor
712 2413 908 2497 stupefactus
931 2433 1116 2496 responsum
1139 2412 1312 2497 ignoraret,

403 2519 485 2596 Quid
508 2519 695 2602 respondere
717 2539 815 2602 puero
836 2521 941 2601 posset
964 2517 1129 2606 cogitaret,

402 2622 495 2689 Jesus
511 2623 572 2688 ait:
598 2613 762 2709 »Egomet
777 2629 872 2707 atque
894 2627 985 2706 pater
1007 2645 1095 2686 meus

404 2727 465 2792 Per
486 2729 588 2812 ipsam
609 2727 834 2812 intellegimus,
857 2750 932 2792 nam
954 2726 976 2792 J
998 2727 1059 2792 hoc
1081 2732 1174 2792 sonat
1195 2730 1302 2794 deum

403 2831 463 2898 sed
487 2833 563 2918 quid
585 2855 662 2917 puer
685 2833 811 2912 diceret,
834 2855 898 2898 non
921 2833 1122 2918 intelligebat

326 2959 378 2996 2⁷⁹⁶
405 2939 570 3025 Magister,
594 2945 689 3024 atquc
711 2940 820 3005 taliter
842 2941 871 3004 ei
893 2941 1121 3024 respondebat:

408 3044 486 3110 »Vel
510 3046 652 3130 angelus,
675 3045 725 3110 vel
747 3047 887 3130 spiritus,
911 3046 960 3110 vel
982 3047 1058 3111 deus
1080 3047 1261 3110 incarnatus

404 3149 454 3214 Tu
476 3173 518 3231 es,
544 3151 592 3216 vel
615 3151 648 3215 in
671 3149 832 3215 hominem
853 3151 966 3215 demon
989 3149 1254 3228 transformatus3

404 3253 511 3321 Scolas
533 3279 619 3321 meas
642 3278 743 3335 excas,
767 3256 915 3340 quoniam
939 3276 1062 3320 necesse

403 3359 434 3425 Α
456 3384 507 3426 mc
529 3362 633 3427 doceri
656 3365 692 3426 tu
714 3384 778 3426 non
801 3361 910 3440 habes,
933 3383 1007 3426 nam
1028 3363 1065 3425 tu
1087 3361 1202 3426 videris
1225 3383 1292 3426 esse

326 3485 377 3523 aco
405 3464 465 3531 Vel
486 3488 609 3552 magus,
632 3468 682 3531 vel
705 3465 859 3545 diabolus,
883 3465 933 3530 rel
955 3469 1046 3530 satan
1069 3467 1118 3532 vel
1140 3466 1310 3544 fantasma,

404 3569 465 3636 Vel
487 3573 587 3638 divini
610 3573 749 3637 numinis
772 3571 915 3656 spiritale
937 3572 1089 3656 plasma«

425 3889 477 3960 De
506 3887 687 3982 piscinula
715 3910 829 3980 quam
857 3887 947 3960 fecit
974 3910 1065 3980 puer
1092 3847 1227 3961 Jesus.⁸

364 4139 367 4144 ·
404 4096 547 4174 Quadam
569 4097 619 4160 dic
642 4119 713 4161 cum
735 4096 810 4162 Jesu
835 4097 925 4181 pueri
948 4102 1102 4162 venerunt

403 4202 456 4268 Ad
478 4206 628 4286 stagnum
651 4203 817 4287 quoddam,
842 4203 896 4268 ubi
920 4203 1025 4287 plures
1050 4203 1215 4287 pisciculos
1237 4203 1395 4268 viderunt.
1468 4196 1473 4205 ’

405 4305 498 4372 Jesus
521 4306 583 4370 ait:
609 4307 762 4390 »Aliquos
784 4329 821 4371 ex
845 4307 914 4370 istis
937 4307 1097 4390 capiamus

327 4431 378 4468 ποι
405 4411 559 4492 Piscibus,
583 4416 615 4476 et
637 4433 690 4477 eos
712 4413 840 4476 domum
862 4411 1026 4476 nobiscum
1048 4414 1255 4477 deteramus«
