3080 4938
684 1293 910 1396 Principale
945 1294 1009 1376 lll.

273 1506 313 1573 lle
336 1507 481 1573 civitatis
499 1505 652 1572 ulmensis
669 1505 898 1580 destructione,
922 1503 1180 1582 reedificatione,
1208 1505 1419 1587 ampliatione
1485 1535 1488 1544 ·

702 1615 735 1676 et
758 1607 989 1693 magnitudine.

788 1855 854 1926 Cap.
877 1857 901 1910 1.

166 1969 271 2092 οἳέὲξξ-
309 1996 516 2073 Quomodo
546 1996 694 2060 civitas
722 1996 937 2095 destructa
960 2001 996 2061 et
1018 1995 1261 2062 reaedilicata
1282 1996 1380 2062 fuit

359 2243 501 2308 Tertium
533 2244 708 2328 principale
736 2245 774 2308 de
797 2243 894 2311 Ulma
924 2251 956 2310 et
978 2245 1107 2310 civitate
1136 2243 1271 2308 ulmensi
1300 2247 1348 2307 est
1378 2243 1417 2307 dc

270 2352 337 2415 eius
352 2348 573 2425 destructione,
598 2349 849 2428 reaedificatione,
874 2350 1079 2434 ampliatione
1094 2354 1126 2414 et
1146 2349 1296 2414 continuo
1311 2349 1414 2412 incre·

269 2457 386 2532 mente,
409 2452 538 2537 eiusque
553 2475 708 2518 mensura.
755 2453 850 2520 Anno
865 2455 984 2520 domini
1000 2455 1039 2519 ab
1055 2455 1271 2518 incarnatione
1290 2455 1375 2517 1124
1392 2455 1414 2530 ¹,

269 2563 395 2623 mortuo
426 2556 576 2622 Heinrico
608 2557 702 2624 huius
731 2561 867 2625 nominis
901 2557 931 2624 V
959 2561 1166 2644 imperatore,
1198 2560 1414 2622 convenerunt

268 2663 425 2748 principes
447 2663 597 2728 electores
620 2665 658 2728 ad
683 2665 865 2751 eligendum
887 2666 999 2738 alium,
1027 2669 1059 2730 et
1088 2665 1180 2730 divisi
1203 2665 1237 2728 in
1261 2663 1414 2728 electione
1510 2657 1511 2702 l

267 2773 398 2851 propter
420 2789 511 2852 papae
534 2768 735 2852 legationem,
760 2792 831 2854 quse
853 2771 1016 2849 obstabat,
1041 2792 1080 2834 ne
1103 2769 1217 2853 aliquis
1240 2767 1278 2832 de
1301 2766 1412 2832 Suevis

267 2873 452 2958 eligeretur,
477 2874 555 2938 duos
578 2874 752 2959 elegerunt.
798 2873 872 2940 Una
902 2898 975 2960 pars
1009 2897 1124 2960 papam
1152 2896 1284 2958 sequens
1316 2873 1414 2955 elegit

268 2977 453 3044 botharium
478 2977 623 3044 Saxoniae
646 2979 767 3058 ducem,
791 2979 854 3044 alia
877 3003 949 3064 pars
980 2981 1077 3064 elegit
1099 2979 1276 3044 Conradum
1301 2979 1411 3043 ducem

268 3081 451 3163 Suevorum,
475 3084 582 3169 sicque
597 3085 791 3149 discedentes
807 3107 877 3149 curn
894 3087 1049 3150 disturbio
1075 3086 1114 3149 ab
1129 3085 1262 3148 invicem
1279 3087 1413 3168 uterque

267 3189 438 3253 electorum
460 3189 559 3272 gessit
592 3211 625 3253 se
649 3211 706 3272 pro
730 3187 946 3254 Romanor-um
969 3212 1061 3274 rege,
1091 3193 1123 3253 et
1145 3189 1229 3252 facta
1258 3191 1307 3252 est
1329 3190 1414 3272 peri·

196 3381 197 3384 Ἴ
266 3292 374 3357 culoso
396 3293 509 3357 divisio
540 3293 573 3356 in
598 3292 765 3357 Alemania
796 3297 829 3357 et
860 3294 1016 3378 praecipue
1039 3295 1071 3356 in
1095 3291 1223 3370 Suesia,
1256 3293 1333 3377 quia
1366 3293 1412 3358 illi

265 3397 479 3482 sequebantur
513 3396 718 3476 Lotharium,
751 3399 806 3462 alii
839 3398 1028 3462 conradum.
1089 3396 1206 3462 Verum
1240 3396 1412 3464 Lotharins

265 3501 381 3568 fortior
404 3501 547 3566 Conrado
570 3507 638 3566 erat
661 3507 693 3567 et
715 3527 830 3588 papam
858 3509 890 3568 et
912 3499 1264 3588 majorem'principnm
1288 3508 1413 3586 partem

264 3606 413 3671 habebat.
447 3605 612 3692 Ingressus
629 3613 736 3672 autem
752 3606 900 3673 Sueriam
916 3608 1085 3673 Letharirrs
1100 3629 1168 3672 eam
1185 3611 1290 3672 artare
1305 3610 1412 3693 coepit,

265 3715 297 3774 et
321 3711 413 3775 veriti
435 3711 502 3775 eius
524 3709 746 3776 fortitudinem
768 3713 1010 3777 intromiserunt
1027 3711 1279 3797 quamplurimi,
1304 3713 1411 3798 sicque

264 3837 364 3899 usque
386 3811 516 3880 Ulmam
539 3815 673 3880 devenit.
720 3815 785 3882 Ubi
808 3817 883 3880 dum
906 3820 1005 3894 esset,
1039 3817 1220 3882 clauserunt
1243 3814 1410 3884 Ulmenses

264 3923 387 4004 portas,
420 3920 558 3984 dieentes
580 3920 641 3985 hoc
663 3921 813 4004 oppidum
836 3943 900 3986 non
924 3919 1102 3986 Senonibus
1124 3943 1180 3986 nec
1203 3919 1336 4000 Italicis,
1360 3923 1412 3988 sed

264 4022 438 4090 Succorum
461 4025 594 4089 ducibus
617 4030 649 4089 et
672 4023 888 4091 Romanorum
919 4027 988 4112 regi
1011 4049 1049 4092 ex
1071 4027 1181 4092 iisdem
1204 4026 1305 4092 electo
1329 4028 1412 4094 Con·

264 4129 341 4193 rado
370 4130 437 4194 fore
469 4130 681 4214 aperiendum.
735 4129 866 4197 Obsedit
897 4141 973 4220 er'go
1001 4131 1170 4198 liutharius
1203 4129 1351 4212 Ulmam,
1383 4137 1413 4198 et

827 4241 844 4280 s

336 4320 437 4374 1112‘1
457 4319 530 4374 Mon.
551 4319 573 4372 l.
594 4319 693 4376 Schad.
711 4321 773 4388 Kl.;
801 4323 846 4378 die
875 4323 982 4378 naboan
1004 4321 1124 4393 richtige
1141 4321 1204 4377 aahl
1225 4321 1293 4378 1124
1319 4321 1411 4380 beben

263 4405 382 4464 Goldast
401 4409 442 4463 ut.
461 4405 545 4461 Wibl.
