3072 4936
739 373 781 440 81

184 547 219 613 in
234 547 362 615 senibus
378 555 427 615 est
443 549 599 634 sapientia
622 553 655 614 et
668 548 702 613 in
721 550 823 615 mnlto
845 554 987 634 tempore
1002 547 1179 633 prudentia.
1225 549 1334 617 Tertio

184 655 325 720 ostendit
347 655 547 740 epitaphium
578 655 694 720 hocin
718 653 787 719 viro
809 654 870 720 hoc
901 653 1066 739 religionis
1088 654 1334 722 sincerissimum

183 781 323 824 amorem
345 760 379 826 in
411 759 610 826 memorabili
633 760 765 840 effectu,
801 783 873 826 cum
896 759 1013 824 dicitur
1041 759 1193 825 fundator
1215 767 1331 827 noster.

183 864 247 928 nisi
270 865 355 929 enim
378 886 483 929 amore
505 863 629 950 ingenti
652 864 781 930 affectus
803 864 916 930 fuisset
938 863 1103 948 religioni,
1133 887 1333 951 nequaquam

185 964 309 1035 tantam
332 969 499 1055 pecuniam
521 969 716 1054 exposuisset
747 969 780 1034 in
803 969 990 1035 fundatione
1011 969 1195 1034 monasterii
1220 971 1331 1036 nostri.

181 1075 216 1138 in
240 1097 304 1160 qua
324 1074 513 1141 fundatione
535 1074 646 1140 sibiet
665 1097 729 1140 suae
749 1073 878 1139 familiae
900 1073 933 1138 in
948 1074 1010 1138 hoc
1032 1073 1137 1138 seculo
1152 1074 1333 1140 memoriale

181 1201 320 1265 perenne
352 1180 428 1246 fecit
450 1185 482 1246 et
503 1185 653 1246 aeternam
681 1180 818 1265 gloriam
840 1177 965 1260 meruit.
1011 1177 1059 1242 De
1082 1177 1132 1242 his
1154 1174 1331 1244 Krafftoni·

181 1286 242 1351 bus
266 1285 396 1370 quidam
417 1285 450 1349 in
467 1283 610 1351 Sneoiam
633 1284 762 1350 transiit
784 1290 817 1350 et
838 1309 857 1350 a
880 1284 955 1350 Sota
981 1282 1146 1369 Birgitta¹
1170 1283 1204 1348 in
1228 1285 1332 1350 farnu-

182 1389 388 1457 lum'electus
410 1390 592 1456 individuus
616 1412 717 1455 comes
750 1389 815 1456 luit
835 1389 959 1456 itineris
990 1389 1117 1455 eiusad
1143 1387 1277 1454 Romam
1300 1394 1332 1454 et

181 1495 222 1560 ad
237 1495 500 1580 Hierosolymam
548 1494 624 1560 Post
638 1500 773 1560 mortem
789 1500 894 1561 autem
909 1496 1010 1561 beatae
1027 1495 1153 1561 feminae
1167 1494 1201 1558 in
1218 1499 1331 1560 testem

180 1599 361 1665 sanctitatis
384 1600 451 1665 eius
475 1600 610 1665 Romam
631 1600 746 1665 misens
774 1600 837 1666 fuit
859 1623 915 1686 per
936 1601 1054 1666 amicos
1078 1596 1159 1664 Sotae
1182 1599 1330 1685 Birgittae

180 1703 309 1769 Kraffto
339 1704 394 1768 ille
416 1727 487 1770 oum
518 1706 655 1789 quodam
677 1705 741 1770 alio
772 1706 874 1771 nobili
897 1707 935 1771 de
966 1705 1089 1770 familia
1112 1703 1328 1770 Ruchorum'.

180 1807 275 1874 Unde
291 1808 475 1875 Boniiacius
497 1831 582 1895 papa
603 1810 720 1876 auditis
743 1810 878 1876 testibus
901 1811 1004 1896 ipsam
1019 1815 1162 1874 sanctam
1185 1809 1331 1893 catalogo

180 1918 364 1978 sanctorum
395 1913 577 1998 adscripsit,
611 1921 643 1981 et
665 1915 865 1980 Krafftonem
897 1937 969 1980 cum
996 1935 1147 1980 conservo
1179 1933 1331 1978 succum

183 2017 363 2102 impetratis
396 2019 512 2085 litteris
535 2018 659 2084 remisit
685 2020 725 2084 ad
748 2018 867 2086 Sueciae
890 2019 1081 2106 principem,
1114 2041 1218 2104 aquo
1231 2019 1331 2114 =valde

180 2129 400 2189 remuneratus
417 2124 456 2188 ad
471 2124 601 2208 propria
617 2123 745 2190 Ulmam
761 2126 865 2206 rediit,
889 2131 1021 2191 onustas
1037 2147 1115 2190 anro
1138 2130 1171 2190 et
1185 2129 1328 2210 argento,

179 2227 298 2294 militia
320 2232 352 2293 et
374 2227 494 2292 honore
509 2229 683 2295 decoratus.
729 2231 779 2296 Ex
801 2232 862 2297 hac
885 2253 1039 2319 generosa
1061 2230 1185 2296 familia
1201 2230 1330 2316 quidam

179 2335 215 2400 in
238 2334 384 2420 proxima
405 2335 604 2420 expeditione
634 2343 745 2404 eontra
767 2337 902 2404 Boemos
931 2339 997 2404 suis
1020 2336 1157 2422 propriis
1185 2336 1329 2420 expensis

180 2441 344 2507 conductis
367 2441 465 2508 servis
488 2441 576 2528 equis
600 2448 632 2509 et
654 2443 799 2509 curribus
826 2445 909 2510 sicut
931 2445 1060 2510 comites
1084 2446 1195 2506 contra
1216 2441 1329 2506 infide-

178 2547 225 2612 les
249 2552 468 2632 processerunt
500 2571 572 2613 cum
594 2550 733 2615 exercitu
763 2549 883 2616 domini
910 2549 1044 2634 palatini
1076 2545 1197 2626 Rheni,
1230 2545 1330 2612 etita

179 2651 326 2738 legaliter
357 2653 464 2718 omnia
485 2652 599 2718 bellica
627 2655 756 2740 negotia
787 2654 964 2734 habebant,
998 2652 1152 2730 tentoria,
1187 2674 1276 2716 arma
1297 2657 1330 2749 et

179 2757 317 2838 cibaria,
349 2758 433 2843 quod
465 2757 499 2821 in
520 2758 630 2823 multis
662 2759 758 2824 etiam
780 2761 923 2844 palatino
950 2755 1244 2824 subministrabant.
1291 2755 1327 2820 ln

177 2862 301 2948 proeliis
323 2865 420 2929 etiam
441 2885 500 2949 pro
522 2865 606 2929 bono
629 2865 740 2950 patriar
760 2871 917 2932 certantes
940 2865 1033 2930 multi
1056 2862 1150 2928 occisi
1179 2863 1329 2948 leguntur

178 2968 213 3031 in
244 2967 415 3053 epitaphiis
446 2969 672 3054 sepulcrorum.
718 2970 767 3035 Ex
790 2971 851 3036 hac
872 2971 996 3037 familia
1018 2993 1037 3035 a
1060 2967 1233 3053 principio,
1265 2991 1328 3052 quo

177 3073 348 3140 inchoatus
370 3075 433 3141 fuit
454 3075 619 3142 civilitatis
642 3079 734 3156 ordo,
769 3099 869 3162 usque
902 3098 987 3141 nunc
1009 3075 1101 3161 quasi
1123 3095 1246 3158 semper
1268 3074 1328 3138 ali·

179 3180 252 3266 quis
284 3181 509 3267 magistratum
540 3181 741 3249 Ulmensium
775 3182 887 3249 tenuit.
930 3187 962 3246 et
991 3203 1063 3246 cum
1094 3177 1328 3263 tranquillitate

178 3307 297 3373 magna
319 3292 468 3352 rexerunt
491 3287 681 3352 Krafftones.
728 3286 832 3352 Hodie
855 3291 975 3366 autem,
999 3286 1107 3351 divina
1129 3283 1328 3369 providentia

178 3392 263 3457 hanc
284 3390 441 3457 familiam
464 3391 662 3480 gubernante
685 3397 717 3457 et
740 3397 954 3470 conservante,
978 3391 1064 3456 clara
1086 3389 1223 3454 habetur
1246 3389 1327 3452 divi-

179 3497 244 3577 tiis,
279 3497 454 3563 honoribus
469 3503 502 3564 et
516 3521 721 3582 personarum
736 3497 950 3562 multitudine.
996 3493 1078 3560 Sunt
1093 3499 1198 3559 autem
1214 3499 1328 3578 praeter

177 3608 303 3668 nostros
326 3601 508 3668 Krafftones
538 3604 640 3669 adhuc
663 3604 718 3668 alii
740 3603 827 3668 illius
856 3602 994 3668 nominis
1023 3600 1146 3665 nobiles
1169 3605 1201 3664 et
1225 3597 1326 3664 abun·

176 3710 304 3787 dantes,
338 3708 415 3773 alias
438 3708 591 3773 habentes
623 3710 710 3774 sedes
743 3711 869 3796 aliaque
896 3705 1106 3786 stemmata⁸‚
1141 3708 1178 3771 de
1211 3706 1326 3792 quibus

177 3815 280 3880 dicere
301 3835 366 3878 non
387 3818 436 3878 est
458 3813 497 3878 ad
520 3813 728 3898 propositum.

251 4096 407 4167 lssrigim
429 4097 499 4152 Μο0.
518 4098 542 4150 2.
562 4095 646 4152 Woll.
685 4094 794 4164 Brigita
813 4094 899 4149 Wibl.
920 4093 1039 4148 Schmid.
1067 4093 1136 4148 Gok.
1156 4091 1228 4146 Bess.
1269 4089 1326 4145 Bir-

176 4188 253 4256 gitta
271 4186 370 4241 Schad.
392 4185 434 4239 Kl,
523 4183 718 4240 2Ruchornm
743 4183 816 4239 Mon.
834 4185 859 4237 2.
884 4181 945 4236 Sch.
972 4181 1016 4235 Kl.
1035 4181 1120 4234 Wibl.
1160 4179 1324 4234 Rachonum

177 4273 300 4330 Schmid.
338 4271 492 4328 Kochorum
512 4271 597 4328 Woll.
660 4273 728 4327 3vt
745 4271 789 4324 illi
807 4270 836 4324 in
856 4269 990 4338 superiori
1011 4267 1175 4338 palatinatu
1196 4265 1323 4320 Krafften

177 4381 194 4416 a
209 4361 387 4430 Vestenburg
400 4359 485 4414 Wibl.
498 4359 618 4414 Schmid.
657 4359 763 4415 Ebenso
775 4357 873 4413 Scbad.
894 4374 940 4412 am
959 4356 1053 4418 rande,
1074 4373 1126 4410 nur
1144 4353 1266 4410 schreibt
1284 4369 1314 4408 er

177 4449 358 4519 Vestenberg.
