3060 4936
765 361 830 426 216

221 539 379 624 particula
401 537 447 604 lx
479 539 575 603 aliurn
609 539 695 604 canit
717 537 892 603 Suevorum
920 535 1094 621 originem,
1125 535 1233 600 dicens
1255 533 1375 600 Suevos

220 667 259 709 ex
283 643 468 709 Macedonia
490 649 577 708 ortos
592 645 621 708 ¹:

309 749 385 813 orbe
407 747 594 812 Macedonio
616 747 739 832 peperit
764 751 880 811 natura
903 744 1032 810 Suevos.

308 851 397 917 Dicit
413 853 510 917 etiam
527 852 610 938 quod
628 852 730 917 Italici
748 853 812 916 iarn
829 849 1003 916 Suevorum
1020 855 1111 916 terrae
1133 855 1225 916 erant
1246 848 1375 914 inhabi-

223 956 369 1036 tatores²,
385 981 463 1042 quos
474 957 569 1024 Suevi
581 958 741 1023 venientes
753 957 920 1023 eiecerunt.
945 956 983 1021 ln
995 957 1144 1022 historia³
1156 955 1377 1040 descriptionis

222 1063 364 1129 civitatis
377 1063 590 1149 Augustensis
606 1063 722 1128 dicitur
733 1063 817 1148 qnod
833 1060 927 1126 Suevi
943 1063 1006 1126 orti
1021 1067 1098 1127 sunt
1119 1085 1157 1127 ex
1172 1060 1294 1146 Japhet
1309 1060 1377 1124 filio

221 1169 303 1235 No'e'.
354 1170 438 1234 Dum
463 1171 548 1234 enim
571 1169 630 1233 filii
653 1168 775 1254 Jephet
790 1168 953 1252 Europam
969 1169 1189 1254 possidendam
1212 1168 1373 1231 intrarent

222 1276 323 1340 exivit
346 1298 383 1340 ex
406 1274 451 1339 eis
471 1275 572 1353 radix,
596 1274 761 1360 generatio
785 1297 849 1338 una
870 1273 1044 1360 singularis
1066 1277 1099 1338 et
1120 1273 1273 1338 bellicosa
1294 1293 1375 1356 quos

225 1378 345 1445 Suevos
367 1380 586 1458 nominabant,
610 1402 647 1444 ex
671 1380 787 1464 quibus
810 1379 904 1444 Suevi
927 1384 1038 1464 postea
1060 1383 1136 1443 sunt
1158 1378 1243 1442 dicti.

311 1485 416 1552 Multo
432 1485 530 1551 etiam
546 1490 687 1570 tempore
710 1485 897 1550 dicebantur
912 1485 1007 1551 Suevi
1023 1485 1143 1550 Brenni
1158 1483 1210 1548 vel
1224 1483 1378 1562 Brennes,

225 1595 355 1676 propter
384 1614 493 1657 eorum
526 1592 636 1656 ducem
667 1592 966 1656 bellicosissimum⁴
997 1591 1190 1670 Brennium,
1220 1591 1276 1674 qui
1297 1593 1381 1654 mira

225 1697 326 1781 gessit
358 1695 582 1761 vetustissimis
612 1696 809 1781 temporibus
840 1699 874 1762 in
903 1697 1013 1763 multis
1040 1695 1186 1781 partibus
1209 1695 1312 1774 orbis,
1344 1701 1382 1760 ut

224 1801 390 1866 (letfridus
413 1802 447 1866 in
462 1802 594 1866 metrico
618 1824 711 1886 opere
734 1805 820 1868 canit
843 1803 1000 1888 particula
1015 1801 1071 1868 IX.
1118 1801 1212 1868 Unde
1234 1806 1381 1886 tempore

225 1906 299 1991 Cyri
322 1906 407 1991 regis
430 1905 596 1970 Medorum
627 1907 690 1971 dux
713 1907 888 1973 Suevorum
912 1909 1057 1974 Brennus
1090 1906 1205 1971 habuit
1234 1905 1381 1972 subditos

225 2011 351 2090 Gallos,
376 2012 584 2098 Burgundos,
610 2011 765 2092 Senones,
799 2018 831 2078 et
859 2037 934 2078 rura
964 2015 1060 2078 etiam
1083 2013 1116 2076 in
1139 2011 1244 2090 Italia,
1267 2016 1382 2095 postea

226 2117 360 2182 Fabium
370 2119 531 2182 consulem
543 2141 615 2182 cum
626 2140 683 2182 suo
693 2117 831 2182 exercitu
844 2117 981 2182 extinxit
992 2123 1024 2182 et
1036 2121 1202 2182 venustam
1212 2139 1381 2182 romanam

227 2223 424 2288 iuventutem
457 2223 611 2302 extinxit,
647 2223 757 2288 domos
788 2224 959 2304 subvertit,
990 2229 1022 2288 et
1051 2230 1191 2310 stragem
1213 2224 1378 2309 ingentem

229 2328 382 2394 Romanis
405 2330 526 2394 intulit.

317 2435 329 2472 ⁵
343 2434 404 2499 Hic
418 2435 482 2499 dux
493 2435 629 2500 aedificat
642 2434 744 2500 lteliae
756 2435 861 2513 nrbes,
878 2433 1048 2512 Veronam,
1067 2433 1208 2519 Papiam,
1227 2433 1382 2514 Brixiam,

226 2537 350 2620 Senam,
374 2545 406 2604 et
422 2539 558 2604 Romam
573 2541 740 2605 destruxit.
787 2539 824 2604 In
841 2539 991 2624 Delph0⁸
1014 2545 1120 2604 autem
1137 2539 1287 2619 existens,
1310 2563 1382 2605 cum

226 2644 356 2708 deorum
386 2646 508 2710 cultum
538 2647 710 2725 derideret,
737 2647 895 2730 Apollinis
930 2647 1058 2711 oraculo
1082 2647 1219 2730 accepit,
1243 2668 1277 2710 se
1300 2647 1383 2712 albis

227 2750 405 2834 virginibus
415 2751 652 2816 succubitnrmn
665 2757 697 2815 et
706 2753 894 2834 periturum.
921 2749 1000 2815 Cum
1007 2756 1180 2816 reverteret
1189 2752 1221 2814 in
1234 2751 1383 2816 Sueviam

227 2857 314 2920 intra
336 2855 434 2941 Alpes
457 2857 580 2920 nivium
604 2857 746 2940 coagulis
777 2857 815 2920 de
839 2857 977 2940 quodam
1010 2861 1118 2921 monte
1141 2857 1384 2921 decurrentibus

228 2961 338 3026 ducem
360 2963 462 3046 ipsum
497 2967 528 3026 et
552 2963 617 3026 eius
641 2967 744 3026 totum
775 2961 947 3026 exercitum
971 2961 1183 3026 extinxerunt.
1230 2960 1384 3036 Quamvis

229 3072 335 3132 autem
352 3066 446 3132 Suevi
471 3067 510 3131 ab
527 3068 757 3151 antiquissimis
774 3067 970 3150 temporibus
988 3065 1236 3132 formidabiliter
1259 3067 1384 3130 cunctis

228 3177 342 3252 essent,
366 3177 473 3236 tamen
498 3175 671 3236 Amazones
694 3171 821 3236 feminae
844 3194 897 3236 eos
920 3173 1106 3236 invadentes
1129 3176 1248 3235 terram
1271 3194 1384 3235 eorum

228 3281 260 3340 et
282 3277 436 3363 populum
460 3279 520 3342 sibi
543 3278 763 3356 subiecerunt,
795 3301 814 3341 a
838 3277 953 3360 quibus
976 3278 1071 3342 hodio
1101 3298 1180 3362 gens
1203 3273 1381 3342 Suevorum

796 3411 813 3450 21:

302 3497 312 3547 l
336 3493 423 3548 alium
438 3495 589 3549 Suevorum
605 3494 740 3562 originem
761 3492 839 3558 dicit,
858 3494 961 3549 Suevos
979 3509 1012 3546 ex
1026 3492 1189 3549 Macedonia
1206 3495 1293 3560 ortos,
1312 3494 1382 3550 dicit

229 3580 316 3634 etiam
336 3583 410 3637 Mon.
428 3582 452 3637 2.
534 3581 743 3637 ‘thabitatores
762 3581 823 3635 Seh.
850 3581 896 3637 Kl.
932 3579 1138 3636 inhabitatores
1160 3581 1232 3637 Mon.
1253 3583 1278 3636 2.
1367 3584 1384 3638 3

229 3665 261 3719 ln
281 3667 399 3724 historia
417 3667 460 3722 bis
478 3669 560 3724 Saevi
578 3673 676 3738 postea
694 3671 760 3723 sunt
779 3669 848 3723 dicti
865 3669 918 3723 hat
936 3685 989 3722 nur
1008 3667 1070 3723 Seh.
1088 3668 1146 3722 und
1167 3669 1210 3724 Kl.
1264 3670 1385 3726 lMulto

229 3753 317 3808 etiarn
335 3758 460 3826 tempore
480 3755 646 3810 dicebantur
657 3756 766 3820 Brenni,
785 3759 900 3826 propter
910 3773 1005 3813 eorum
1021 3756 1119 3812 ducem
1134 3757 1384 3820 bellicosissimum.

230 3845 259 3897 et
276 3843 360 3912 plura
379 3844 437 3899 alia
455 3847 610 3898 narrantur
635 3845 669 3900 lo.
689 3845 731 3900 30.
750 3845 824 3901 Mon.
846 3847 872 3899 2.
908 3845 974 3914 (Dus
999 3845 1072 3899 citat
1097 3847 1177 3915 passt
1201 3863 1235 3898 nu
1254 3845 1329 3902 Mon.
1352 3849 1386 3916 l.)

230 3930 286 3985 Das
315 3929 445 4000 folgende
474 3931 525 3985 hat
552 3931 655 3987 wieder
682 3950 737 3986 nur
760 3929 821 3985 Sch.
847 3931 905 3985 und
932 3929 976 3984 Kl.
1002 3931 1055 3985 mit
1080 3931 1156 3988 einer
1182 3931 1295 3988 lrleinen
1323 3951 1385 3988 ans-

231 4018 347 4084 nahme,
366 4019 416 4073 der
435 4019 526 4088 gleieh
544 4020 695 4089 folgenden
713 4019 838 4085 additio,
866 4037 919 4076 von
939 4019 1013 4075 unde
1033 4021 1160 4090 tempora
1185 4021 1227 4075 bis
1251 4021 1385 4077 Romanis

230 4105 343 4173 intulit,
370 4107 473 4162 welche
497 4125 551 4161 nur
576 4107 650 4163 Mon.
669 4109 693 4162 2.
718 4109 770 4162 hat
792 4108 846 4162 mit
874 4107 923 4162 der
948 4107 1129 4161 bberschrilt:
1148 4107 1264 4164 additio
1281 4109 1317 4164 de
1335 4127 1384 4180 po·

230 4193 324 4249 tentia
343 4193 505 4249 Suanorum.
542 4195 605 4250 seo
621 4193 714 4249 haben
732 4196 792 4252 sen.
804 4215 829 4251 u.
850 4196 911 4262 ΚΙ.;
931 4195 1005 4249 ldon.
1017 4193 1042 4249 2.
1056 4195 1181 4250 schliesst
1198 4195 1244 4250 die
1257 4195 1384 4254 additio:

231 4281 346 4351 Insuper
363 4280 394 4336 in
413 4282 499 4336 ltalia
517 4285 615 4338 contra
633 4282 774 4339 Romanos
792 4284 1002 4339 aedificaverunt
1020 4283 1102 4338 Suevi
1122 4283 1275 4349 Veronam,
1301 4287 1383 4354 qussi

233 4368 291 4422 rice
309 4369 406 4432 Boma,
427 4369 552 4439 Papiam,
573 4369 696 4424 Brixiam
705 4373 735 4426 et
745 4372 842 4427 urbem
856 4371 965 4435 Senam,
985 4369 1072 4425 habet
1086 4369 1262 4426 Gottel'rldus
1277 4375 1306 4427 et
1325 4372 1386 4428 alia

232 4453 262 4507 in
282 4455 437 4511 Pantheon.
509 4459 525 4510 6
545 4455 649 4524 Dilpho
669 4456 769 4512 Schad.
790 4460 832 4516 lll.
