<?xml version="1.0" encoding="UTF-8"?>
<!DOCTYPE html PUBLIC "-//W3C//DTD XHTML 1.0 Transitional//EN"
    "http://www.w3.org/TR/xhtml1/DTD/xhtml1-transitional.dtd">
<html xmlns="http://www.w3.org/1999/xhtml" xml:lang="en" lang="en">
 <head>
  <title>
</title>
<meta http-equiv="Content-Type" content="text/html;charset=utf-8" />
  <meta name='ocr-system' content='tesseract 3.04.00' />
  <meta name='ocr-capabilities' content='ocr_page ocr_carea ocr_par ocr_line ocrx_word'/>
</head>
<body>
  <div class='ocr_page' id='page_1' title='image "./vitabeatevirgin01vggoog_0560.png"; bbox 0 0 3072 4936; ppageno 0'>
   <div class='ocr_carea' id='block_1_1' title="bbox 795 363 838 427">
    <p class='ocr_par' dir='ltr' id='par_1_1' title="bbox 795 363 838 427">
     <span class='ocr_line' id='line_1_1' title="bbox 795 363 838 427; baseline 0.023 -1"><span class='ocrx_word' id='word_1_1' title='bbox 795 363 838 427; x_wconf 88' lang='grc'><strong>96</strong></span> 
     </span>
    </p>
   </div>
   <div class='ocr_carea' id='block_1_2' title="bbox 713 535 913 602">
    <p class='ocr_par' dir='ltr' id='par_1_2' title="bbox 713 535 913 602">
     <span class='ocr_line' id='line_1_2' title="bbox 713 535 913 602; baseline 0.01 -2"><span class='ocrx_word' id='word_1_2' title='bbox 713 535 913 602; x_wconf 87' lang='lat' dir='ltr'><strong>Vetter¹.</strong></span> 
     </span>
    </p>
   </div>
   <div class='ocr_carea' id='block_1_3' title="bbox 239 658 1396 3688">
    <p class='ocr_par' dir='ltr' id='par_1_3' title="bbox 239 658 1396 3688">
     <span class='ocr_line' id='line_1_3' title="bbox 328 658 1396 728; baseline 0.003 -3"><span class='ocrx_word' id='word_1_3' title='bbox 328 659 548 725; x_wconf 90' lang='lat' dir='ltr'><strong>Veterensium</strong></span> <span class='ocrx_word' id='word_1_4' title='bbox 579 664 663 724; x_wconf 83' lang='lat' dir='ltr'><strong>notae</strong></span> <span class='ocrx_word' id='word_1_5' title='bbox 691 658 869 723; x_wconf 71' lang='lat' dir='ltr'><strong>nobilitatis</strong></span> <span class='ocrx_word' id='word_1_6' title='bbox 907 659 1047 723; x_wconf 88' lang='lat' dir='ltr'><strong>civitatis</strong></span> <span class='ocrx_word' id='word_1_7' title='bbox 1081 659 1234 726; x_wconf 90' lang='lat' dir='ltr'><strong>ulmensis</strong></span> <span class='ocrx_word' id='word_1_8' title='bbox 1268 661 1396 728; x_wconf 86' lang='lat' dir='ltr'><strong>familia</strong></span> 
     </span>
     <span class='ocr_line' id='line_1_4' title="bbox 241 763 1394 852; baseline 0.003 -23"><span class='ocrx_word' id='word_1_9' title='bbox 241 787 280 829; x_wconf 85' lang='lat' dir='ltr'><strong>ex</strong></span> <span class='ocrx_word' id='word_1_10' title='bbox 302 764 492 829; x_wconf 82' lang='lat' dir='ltr'><strong>Noricorum</strong></span> <span class='ocrx_word' id='word_1_11' title='bbox 517 769 604 829; x_wconf 89' lang='lat' dir='ltr'><strong>terra</strong></span> <span class='ocrx_word' id='word_1_12' title='bbox 626 765 664 829; x_wconf 93' lang='lat' dir='ltr'><strong>de</strong></span> <span class='ocrx_word' id='word_1_13' title='bbox 686 767 801 836; x_wconf 88' lang='lat' dir='ltr'><strong>castro</strong></span> <span class='ocrx_word' id='word_1_14' title='bbox 814 763 997 850; x_wconf 82' lang='lat' dir='ltr'><strong>Kaltenegg</strong></span> <span class='ocrx_word' id='word_1_15' title='bbox 1019 765 1068 829; x_wconf 91' lang='lat' dir='ltr'><strong>vel</strong></span> <span class='ocrx_word' id='word_1_16' title='bbox 1092 763 1265 852; x_wconf 72' lang='lat' dir='ltr'><strong>Altnegg²</strong></span> <span class='ocrx_word' id='word_1_17' title='bbox 1299 770 1394 834; x_wconf 84' lang='lat' dir='ltr'><strong>nobis</strong></span> 
     </span>
     <span class='ocr_line' id='line_1_5' title="bbox 241 867 1392 956; baseline 0.004 -23"><span class='ocrx_word' id='word_1_18' title='bbox 241 874 353 934; x_wconf 87' lang='lat' dir='ltr'><strong>notum</strong></span> <span class='ocrx_word' id='word_1_19' title='bbox 376 869 513 952; x_wconf 77' lang='lat' dir='ltr'><strong>sumpsit</strong></span> <span class='ocrx_word' id='word_1_20' title='bbox 536 869 708 934; x_wconf 86' lang='lat' dir='ltr'><strong>exordium.</strong></span> <span class='ocrx_word' id='word_1_21' title='bbox 755 867 904 933; x_wconf 80' lang='lat' dir='ltr'><strong>Devolvit</strong></span> <span class='ocrx_word' id='word_1_22' title='bbox 927 869 1010 932; x_wconf 90' lang='lat' dir='ltr'><strong>enim</strong></span> <span class='ocrx_word' id='word_1_23' title='bbox 1034 870 1181 954; x_wconf 83' lang='lat' dir='ltr'><strong>longaeva</strong></span> <span class='ocrx_word' id='word_1_24' title='bbox 1210 875 1392 956; x_wconf 89' lang='lat' dir='ltr'><strong>temporum</strong></span> 
     </span>
     <span class='ocr_line' id='line_1_6' title="bbox 241 973 1394 1059; baseline 0.004 -19"><span class='ocrx_word' id='word_1_25' title='bbox 241 974 395 1040; x_wconf 85' lang='lat' dir='ltr'><strong>successio</strong></span> <span class='ocrx_word' id='word_1_26' title='bbox 419 997 438 1037; x_wconf 91' lang='lat' dir='ltr'><strong>a</strong></span> <span class='ocrx_word' id='word_1_27' title='bbox 460 979 571 1039; x_wconf 89' lang='lat' dir='ltr'><strong>nostra</strong></span> <span class='ocrx_word' id='word_1_28' title='bbox 603 973 719 1038; x_wconf 90' lang='lat' dir='ltr'><strong>notitia</strong></span> <span class='ocrx_word' id='word_1_29' title='bbox 742 973 860 1057; x_wconf 90' lang='lat' dir='ltr'><strong>primas</strong></span> <span class='ocrx_word' id='word_1_30' title='bbox 889 973 1045 1038; x_wconf 89' lang='lat' dir='ltr'><strong>nobilium</strong></span> <span class='ocrx_word' id='word_1_31' title='bbox 1068 974 1226 1059; x_wconf 83' lang='lat' dir='ltr'><strong>origines3</strong></span> <span class='ocrx_word' id='word_1_32' title='bbox 1260 977 1331 1042; x_wconf 90' lang='lat' dir='ltr'><strong>ideo</strong></span> <span class='ocrx_word' id='word_1_33' title='bbox 1356 980 1394 1044; x_wconf 91' lang='lat' dir='ltr'><strong>de</strong></span> 
     </span>
     <span class='ocr_line' id='line_1_7' title="bbox 240 1078 1392 1164; baseline 0.005 -22"><span class='ocrx_word' id='word_1_34' title='bbox 240 1078 393 1164; x_wconf 82' lang='lat' dir='ltr'><strong>proximis</strong></span> <span class='ocrx_word' id='word_1_35' title='bbox 416 1100 525 1142; x_wconf 89' lang='lat' dir='ltr'><strong>eorum</strong></span> <span class='ocrx_word' id='word_1_36' title='bbox 555 1079 681 1144; x_wconf 87' lang='lat' dir='ltr'><strong>sedibus</strong></span> <span class='ocrx_word' id='word_1_37' title='bbox 711 1101 763 1143; x_wconf 93' lang='lat' dir='ltr'><strong>eos</strong></span> <span class='ocrx_word' id='word_1_38' title='bbox 794 1078 1010 1158; x_wconf 85' lang='lat' dir='ltr'><strong>nominamus,</strong></span> <span class='ocrx_word' id='word_1_39' title='bbox 1043 1101 1115 1144; x_wconf 89' lang='lat' dir='ltr'><strong>curu</strong></span> <span class='ocrx_word' id='word_1_40' title='bbox 1148 1080 1253 1163; x_wconf 90' lang='lat' dir='ltr'><strong>prima</strong></span> <span class='ocrx_word' id='word_1_41' title='bbox 1282 1105 1392 1148; x_wconf 91' lang='lat' dir='ltr'><strong>eorum</strong></span> 
     </span>
     <span class='ocr_line' id='line_1_8' title="bbox 241 1183 1393 1268; baseline 0.004 -20"><span class='ocrx_word' id='word_1_42' title='bbox 241 1184 370 1248; x_wconf 87' lang='lat' dir='ltr'><strong>nomina</strong></span> <span class='ocrx_word' id='word_1_43' title='bbox 393 1187 425 1247; x_wconf 91' lang='lat' dir='ltr'><strong>et</strong></span> <span class='ocrx_word' id='word_1_44' title='bbox 448 1184 566 1267; x_wconf 89' lang='lat' dir='ltr'><strong>primas</strong></span> <span class='ocrx_word' id='word_1_45' title='bbox 589 1207 698 1248; x_wconf 92' lang='lat' dir='ltr'><strong>eorum</strong></span> <span class='ocrx_word' id='word_1_46' title='bbox 720 1185 808 1248; x_wconf 88' lang='lat' dir='ltr'><strong>sedes</strong></span> <span class='ocrx_word' id='word_1_47' title='bbox 831 1183 1027 1268; x_wconf 84' lang='lat' dir='ltr'><strong>ignoremus.</strong></span> <span class='ocrx_word' id='word_1_48' title='bbox 1073 1185 1196 1250; x_wconf 85' lang='lat' dir='ltr'><strong>Scimus</strong></span> <span class='ocrx_word' id='word_1_49' title='bbox 1225 1187 1307 1251; x_wconf 84' lang='lat' dir='ltr'><strong>eninr</strong></span> <span class='ocrx_word' id='word_1_50' title='bbox 1333 1211 1393 1253; x_wconf 92' lang='lat' dir='ltr'><strong>no-</strong></span> 
     </span>
     <span class='ocr_line' id='line_1_9' title="bbox 241 1287 1393 1373; baseline 0.005 -21"><span class='ocrx_word' id='word_1_51' title='bbox 241 1287 400 1353; x_wconf 88' lang='lat' dir='ltr'><strong>bilitatem</strong></span> <span class='ocrx_word' id='word_1_52' title='bbox 416 1289 519 1373; x_wconf 88' lang='lat' dir='ltr'><strong>primo</strong></span> <span class='ocrx_word' id='word_1_53' title='bbox 536 1289 576 1353; x_wconf 90' lang='lat' dir='ltr'><strong>ab</strong></span> <span class='ocrx_word' id='word_1_54' title='bbox 592 1287 713 1354; x_wconf 90' lang='lat' dir='ltr'><strong>oriente</strong></span> <span class='ocrx_word' id='word_1_55' title='bbox 725 1289 763 1353; x_wconf 93' lang='lat' dir='ltr'><strong>de</strong></span> <span class='ocrx_word' id='word_1_56' title='bbox 775 1288 923 1354; x_wconf 84' lang='lat' dir='ltr'><strong>Ohaldaea</strong></span> <span class='ocrx_word' id='word_1_57' title='bbox 944 1289 1030 1354; x_wconf 85' lang='lat' dir='ltr'><strong>Asiae</strong></span> <span class='ocrx_word' id='word_1_58' title='bbox 1046 1291 1174 1356; x_wconf 88' lang='lat' dir='ltr'><strong>maioris</strong></span> <span class='ocrx_word' id='word_1_59' title='bbox 1191 1292 1393 1358; x_wconf 88' lang='lat' dir='ltr'><strong>nobilissima</strong></span> 
     </span>
     <span class='ocr_line' id='line_1_10' title="bbox 240 1393 1391 1480; baseline 0.004 -22"><span class='ocrx_word' id='word_1_60' title='bbox 240 1395 404 1478; x_wconf 87' lang='lat' dir='ltr'><strong>provincia</strong></span> <span class='ocrx_word' id='word_1_61' title='bbox 434 1393 630 1459; x_wconf 85' lang='lat' dir='ltr'><strong>descendisse</strong></span> <span class='ocrx_word' id='word_1_62' title='bbox 663 1395 696 1458; x_wconf 93' lang='lat' dir='ltr'><strong>in</strong></span> <span class='ocrx_word' id='word_1_63' title='bbox 721 1395 807 1459; x_wconf 85' lang='lat' dir='ltr'><strong>Asiae</strong></span> <span class='ocrx_word' id='word_1_64' title='bbox 835 1395 965 1459; x_wconf 90' lang='lat' dir='ltr'><strong>minoris</strong></span> <span class='ocrx_word' id='word_1_65' title='bbox 995 1396 1083 1476; x_wconf 80' lang='lat' dir='ltr'><strong>loca,</strong></span> <span class='ocrx_word' id='word_1_66' title='bbox 1115 1395 1240 1480; x_wconf 88' lang='lat' dir='ltr'><strong>ibique,</strong></span> <span class='ocrx_word' id='word_1_67' title='bbox 1272 1395 1391 1463; x_wconf 69' lang='lat' dir='ltr'><strong>Graecis</strong></span> 
     </span>
     <span class='ocr_line' id='line_1_11' title="bbox 241 1497 1392 1578; baseline 0.004 -16"><span class='ocrx_word' id='word_1_68' title='bbox 241 1499 367 1578; x_wconf 88' lang='lat' dir='ltr'><strong>iunctis,</strong></span> <span class='ocrx_word' id='word_1_69' title='bbox 391 1497 538 1578; x_wconf 81' lang='lat' dir='ltr'><strong>Troiam,</strong></span> <span class='ocrx_word' id='word_1_70' title='bbox 561 1497 723 1578; x_wconf 84' lang='lat' dir='ltr'><strong>Athenas,</strong></span> <span class='ocrx_word' id='word_1_71' title='bbox 746 1497 873 1564; x_wconf 80' lang='lat' dir='ltr'><strong>Thebas</strong></span> <span class='ocrx_word' id='word_1_72' title='bbox 904 1503 937 1564; x_wconf 91' lang='lat' dir='ltr'><strong>et</strong></span> <span class='ocrx_word' id='word_1_73' title='bbox 958 1503 1078 1565; x_wconf 87' lang='lat' dir='ltr'><strong>ceteras</strong></span> <span class='ocrx_word' id='word_1_74' title='bbox 1100 1500 1292 1566; x_wconf 86' lang='lat' dir='ltr'><strong>clarissimas</strong></span> <span class='ocrx_word' id='word_1_75' title='bbox 1316 1525 1392 1567; x_wconf 92' lang='lat' dir='ltr'><strong>con·</strong></span> 
     </span>
     <span class='ocr_line' id='line_1_12' title="bbox 241 1603 1392 1690; baseline 0.004 -22"><span class='ocrx_word' id='word_1_76' title='bbox 241 1605 382 1668; x_wconf 89' lang='lat' dir='ltr'><strong>stituisse</strong></span> <span class='ocrx_word' id='word_1_77' title='bbox 416 1603 524 1684; x_wconf 80' lang='lat' dir='ltr'><strong>urbes,</strong></span> <span class='ocrx_word' id='word_1_78' title='bbox 558 1604 631 1669; x_wconf 91' lang='lat' dir='ltr'><strong>inde</strong></span> <span class='ocrx_word' id='word_1_79' title='bbox 660 1610 766 1669; x_wconf 89' lang='lat' dir='ltr'><strong>autem</strong></span> <span class='ocrx_word' id='word_1_80' title='bbox 795 1610 1022 1690; x_wconf 89' lang='lat' dir='ltr'><strong>consequenter</strong></span> <span class='ocrx_word' id='word_1_81' title='bbox 1049 1605 1158 1690; x_wconf 80' lang='lat' dir='ltr'><strong>pulsi⁸</strong></span> <span class='ocrx_word' id='word_1_82' title='bbox 1194 1607 1338 1672; x_wconf 88' lang='lat' dir='ltr'><strong>Africam</strong></span> <span class='ocrx_word' id='word_1_83' title='bbox 1360 1613 1392 1673; x_wconf 88' lang='lat' dir='ltr'><strong>et</strong></span> 
     </span>
     <span class='ocr_line' id='line_1_13' title="bbox 241 1706 1392 1795; baseline 0.006 -23"><span class='ocrx_word' id='word_1_84' title='bbox 241 1708 404 1792; x_wconf 81' lang='lat' dir='ltr'><strong>Europam</strong></span> <span class='ocrx_word' id='word_1_85' title='bbox 432 1709 527 1773; x_wconf 89' lang='lat' dir='ltr'><strong>armis</strong></span> <span class='ocrx_word' id='word_1_86' title='bbox 551 1706 771 1794; x_wconf 87' lang='lat' dir='ltr'><strong>compressisse</strong></span> <span class='ocrx_word' id='word_1_87' title='bbox 792 1709 916 1795; x_wconf 91' lang='lat' dir='ltr'><strong>sibique</strong></span> <span class='ocrx_word' id='word_1_88' title='bbox 939 1712 972 1775; x_wconf 92' lang='lat' dir='ltr'><strong>in</strong></span> <span class='ocrx_word' id='word_1_89' title='bbox 995 1711 1201 1776; x_wconf 77' lang='lat' dir='ltr'><strong>cismontanis</strong></span> <span class='ocrx_word' id='word_1_90' title='bbox 1228 1717 1261 1778; x_wconf 88' lang='lat' dir='ltr'><strong>et</strong></span> <span class='ocrx_word' id='word_1_91' title='bbox 1284 1719 1392 1779; x_wconf 88' lang='lat' dir='ltr'><strong>traus-</strong></span> 
     </span>
     <span class='ocr_line' id='line_1_14' title="bbox 241 1816 1391 1903; baseline 0.004 -24"><span class='ocrx_word' id='word_1_92' title='bbox 241 1816 401 1880; x_wconf 89' lang='lat' dir='ltr'><strong>montanis</strong></span> <span class='ocrx_word' id='word_1_93' title='bbox 425 1817 511 1880; x_wconf 88' lang='lat' dir='ltr'><strong>sedes</strong></span> <span class='ocrx_word' id='word_1_94' title='bbox 534 1817 770 1901; x_wconf 89' lang='lat' dir='ltr'><strong>conquisivisse.</strong></span> <span class='ocrx_word' id='word_1_95' title='bbox 795 1821 980 1881; x_wconf 87' lang='lat' dir='ltr'><strong>nouantem</strong></span> <span class='ocrx_word' id='word_1_96' title='bbox 997 1818 1180 1882; x_wconf 88' lang='lat' dir='ltr'><strong>dubitamus</strong></span> <span class='ocrx_word' id='word_1_97' title='bbox 1199 1839 1252 1882; x_wconf 88' lang='lat' dir='ltr'><strong>eos</strong></span> <span class='ocrx_word' id='word_1_98' title='bbox 1268 1841 1391 1903; x_wconf 88' lang='lat' dir='ltr'><strong>semper</strong></span> 
     </span>
     <span class='ocr_line' id='line_1_15' title="bbox 240 1921 1391 2006; baseline 0.003 -21"><span class='ocrx_word' id='word_1_99' title='bbox 240 1921 389 1986; x_wconf 87' lang='lat' dir='ltr'><strong>habuisse</strong></span> <span class='ocrx_word' id='word_1_100' title='bbox 411 1921 519 2006; x_wconf 88' lang='lat' dir='ltr'><strong>aliqua</strong></span> <span class='ocrx_word' id='word_1_101' title='bbox 541 1921 682 2000; x_wconf 83' lang='lat' dir='ltr'><strong>nomina,</strong></span> <span class='ocrx_word' id='word_1_102' title='bbox 706 1921 769 1985; x_wconf 88' lang='lat' dir='ltr'><strong>alia</strong></span> <span class='ocrx_word' id='word_1_103' title='bbox 784 1925 890 1986; x_wconf 89' lang='lat' dir='ltr'><strong>tamen</strong></span> <span class='ocrx_word' id='word_1_104' title='bbox 914 1925 947 1986; x_wconf 90' lang='lat' dir='ltr'><strong>et</strong></span> <span class='ocrx_word' id='word_1_105' title='bbox 962 1923 1035 2002; x_wconf 83' lang='lat' dir='ltr'><strong>alia,</strong></span> <span class='ocrx_word' id='word_1_106' title='bbox 1059 1924 1231 1987; x_wconf 87' lang='lat' dir='ltr'><strong>secundum</strong></span> <span class='ocrx_word' id='word_1_107' title='bbox 1248 1923 1391 1988; x_wconf 87' lang='lat' dir='ltr'><strong>locorum</strong></span> 
     </span>
     <span class='ocr_line' id='line_1_16' title="bbox 240 2025 1391 2112; baseline 0.003 -22"><span class='ocrx_word' id='word_1_108' title='bbox 240 2032 273 2090; x_wconf 91' lang='lat' dir='ltr'><strong>et</strong></span> <span class='ocrx_word' id='word_1_109' title='bbox 303 2032 482 2110; x_wconf 86' lang='lat' dir='ltr'><strong>temporum</strong></span> <span class='ocrx_word' id='word_1_110' title='bbox 512 2027 763 2112; x_wconf 84' lang='lat' dir='ltr'><strong>congruentiam.</strong></span> <span class='ocrx_word' id='word_1_111' title='bbox 816 2025 948 2090; x_wconf 85' lang='lat' dir='ltr'><strong>Nobiles</strong></span> <span class='ocrx_word' id='word_1_112' title='bbox 981 2027 1066 2091; x_wconf 89' lang='lat' dir='ltr'><strong>enim</strong></span> <span class='ocrx_word' id='word_1_113' title='bbox 1094 2026 1244 2092; x_wconf 86' lang='lat' dir='ltr'><strong>translati</strong></span> <span class='ocrx_word' id='word_1_114' title='bbox 1277 2029 1344 2093; x_wconf 88' lang='lat' dir='ltr'><strong>sive</strong></span> <span class='ocrx_word' id='word_1_115' title='bbox 1373 2054 1391 2094; x_wconf 90' lang='lat' dir='ltr'><strong>a</strong></span> 
     </span>
     <span class='ocr_line' id='line_1_17' title="bbox 240 2129 1390 2215; baseline 0.002 -19"><span class='ocrx_word' id='word_1_116' title='bbox 240 2131 337 2196; x_wconf 80' lang='lat' dir='ltr'><strong>Troia</strong></span> <span class='ocrx_word' id='word_1_117' title='bbox 358 2131 424 2196; x_wconf 92' lang='lat' dir='ltr'><strong>sive</strong></span> <span class='ocrx_word' id='word_1_118' title='bbox 447 2155 465 2194; x_wconf 89' lang='lat' dir='ltr'><strong>a</strong></span> <span class='ocrx_word' id='word_1_119' title='bbox 488 2131 590 2196; x_wconf 87' lang='lat' dir='ltr'><strong>Roma</strong></span> <span class='ocrx_word' id='word_1_120' title='bbox 612 2130 678 2194; x_wconf 91' lang='lat' dir='ltr'><strong>sive</strong></span> <span class='ocrx_word' id='word_1_121' title='bbox 701 2153 720 2194; x_wconf 91' lang='lat' dir='ltr'><strong>a</strong></span> <span class='ocrx_word' id='word_1_122' title='bbox 742 2130 937 2215; x_wconf 77' lang='lat' dir='ltr'><strong>Carthagine</strong></span> <span class='ocrx_word' id='word_1_123' title='bbox 959 2131 991 2195; x_wconf 91' lang='lat' dir='ltr'><strong>in</strong></span> <span class='ocrx_word' id='word_1_124' title='bbox 1016 2129 1226 2211; x_wconf 81' lang='lat' dir='ltr'><strong>Alemaniam,</strong></span> <span class='ocrx_word' id='word_1_125' title='bbox 1250 2135 1390 2198; x_wconf 90' lang='lat' dir='ltr'><strong>nomini·</strong></span> 
     </span>
     <span class='ocr_line' id='line_1_18' title="bbox 240 2235 1391 2322; baseline 0.003 -22"><span class='ocrx_word' id='word_1_126' title='bbox 240 2236 300 2301; x_wconf 93' lang='lat' dir='ltr'><strong>hus</strong></span> <span class='ocrx_word' id='word_1_127' title='bbox 322 2237 387 2301; x_wconf 90' lang='lat' dir='ltr'><strong>suis</strong></span> <span class='ocrx_word' id='word_1_128' title='bbox 411 2237 522 2322; x_wconf 82' lang='lat' dir='ltr'><strong>graecis</strong></span> <span class='ocrx_word' id='word_1_129' title='bbox 546 2240 602 2301; x_wconf 88' lang='lat' dir='ltr'><strong>aut</strong></span> <span class='ocrx_word' id='word_1_130' title='bbox 625 2236 751 2314; x_wconf 87' lang='lat' dir='ltr'><strong>latinis,</strong></span> <span class='ocrx_word' id='word_1_131' title='bbox 786 2237 902 2300; x_wconf 87' lang='lat' dir='ltr'><strong>italicis</strong></span> <span class='ocrx_word' id='word_1_132' title='bbox 923 2241 981 2301; x_wconf 85' lang='lat' dir='ltr'><strong>aut</strong></span> <span class='ocrx_word' id='word_1_133' title='bbox 1004 2235 1154 2302; x_wconf 84' lang='lat' dir='ltr'><strong>africanis</strong></span> <span class='ocrx_word' id='word_1_134' title='bbox 1178 2237 1313 2317; x_wconf 84' lang='lat' dir='ltr'><strong>amissis,</strong></span> <span class='ocrx_word' id='word_1_135' title='bbox 1340 2237 1391 2304; x_wconf 88' lang='lat' dir='ltr'><strong>vel</strong></span> 
     </span>
     <span class='ocr_line' id='line_1_19' title="bbox 240 2341 1391 2426; baseline 0.003 -22"><span class='ocrx_word' id='word_1_136' title='bbox 240 2343 272 2405; x_wconf 92' lang='lat' dir='ltr'><strong>in</strong></span> <span class='ocrx_word' id='word_1_137' title='bbox 297 2346 365 2406; x_wconf 91' lang='lat' dir='ltr'><strong>toto</strong></span> <span class='ocrx_word' id='word_1_138' title='bbox 388 2343 437 2406; x_wconf 90' lang='lat' dir='ltr'><strong>vel</strong></span> <span class='ocrx_word' id='word_1_139' title='bbox 461 2341 494 2405; x_wconf 92' lang='lat' dir='ltr'><strong>in</strong></span> <span class='ocrx_word' id='word_1_140' title='bbox 526 2347 616 2426; x_wconf 88' lang='lat' dir='ltr'><strong>parte</strong></span> <span class='ocrx_word' id='word_1_141' title='bbox 639 2342 704 2406; x_wconf 88' lang='lat' dir='ltr'><strong>iam</strong></span> <span class='ocrx_word' id='word_1_142' title='bbox 728 2341 896 2407; x_wconf 87' lang='lat' dir='ltr'><strong>teutonicis</strong></span> <span class='ocrx_word' id='word_1_143' title='bbox 926 2343 1088 2408; x_wconf 90' lang='lat' dir='ltr'><strong>vocabulis</strong></span> <span class='ocrx_word' id='word_1_144' title='bbox 1111 2343 1319 2407; x_wconf 86' lang='lat' dir='ltr'><strong>nominantur</strong></span> <span class='ocrx_word' id='word_1_145' title='bbox 1341 2344 1391 2408; x_wconf 92' lang='lat' dir='ltr'><strong>vel</strong></span> 
     </span>
     <span class='ocr_line' id='line_1_20' title="bbox 240 2443 1391 2532; baseline 0.003 -22"><span class='ocrx_word' id='word_1_146' title='bbox 240 2443 400 2532; x_wconf 86' lang='lat' dir='ltr'><strong>corruptis</strong></span> <span class='ocrx_word' id='word_1_147' title='bbox 421 2447 539 2512; x_wconf 88' lang='lat' dir='ltr'><strong>latinis.</strong></span> <span class='ocrx_word' id='word_1_148' title='bbox 589 2447 657 2512; x_wconf 93' lang='lat' dir='ltr'><strong>Hoc</strong></span> <span class='ocrx_word' id='word_1_149' title='bbox 679 2448 773 2512; x_wconf 91' lang='lat' dir='ltr'><strong>modo</strong></span> <span class='ocrx_word' id='word_1_150' title='bbox 804 2447 880 2511; x_wconf 92' lang='lat' dir='ltr'><strong>huic</strong></span> <span class='ocrx_word' id='word_1_151' title='bbox 901 2449 1049 2532; x_wconf 83' lang='lat' dir='ltr'><strong>ingenuae</strong></span> <span class='ocrx_word' id='word_1_152' title='bbox 1079 2447 1209 2513; x_wconf 80' lang='lat' dir='ltr'><strong>familiae</strong></span> <span class='ocrx_word' id='word_1_153' title='bbox 1240 2449 1391 2513; x_wconf 90' lang='lat' dir='ltr'><strong>accidisse</strong></span> 
     </span>
     <span class='ocr_line' id='line_1_21' title="bbox 240 2551 1390 2638; baseline 0 -22"><span class='ocrx_word' id='word_1_154' title='bbox 240 2553 370 2635; x_wconf 81' lang='lat' dir='ltr'><strong>opinor,</strong></span> <span class='ocrx_word' id='word_1_155' title='bbox 395 2575 466 2636; x_wconf 83' lang='lat' dir='ltr'><strong>quae</strong></span> <span class='ocrx_word' id='word_1_156' title='bbox 489 2551 639 2617; x_wconf 86' lang='lat' dir='ltr'><strong>familiari</strong></span> <span class='ocrx_word' id='word_1_157' title='bbox 663 2558 694 2617; x_wconf 89' lang='lat' dir='ltr'><strong>et</strong></span> <span class='ocrx_word' id='word_1_158' title='bbox 724 2553 847 2636; x_wconf 92' lang='lat' dir='ltr'><strong>plebeio</strong></span> <span class='ocrx_word' id='word_1_159' title='bbox 871 2553 997 2618; x_wconf 89' lang='lat' dir='ltr'><strong>nomine</strong></span> <span class='ocrx_word' id='word_1_160' title='bbox 1029 2553 1145 2617; x_wconf 91' lang='lat' dir='ltr'><strong>dicitur</strong></span> <span class='ocrx_word' id='word_1_161' title='bbox 1168 2551 1282 2617; x_wconf 84' lang='lat' dir='ltr'><strong>Vetter</strong></span> <span class='ocrx_word' id='word_1_162' title='bbox 1306 2553 1390 2638; x_wconf 91' lang='lat' dir='ltr'><strong>quod</strong></span> 
     </span>
     <span class='ocr_line' id='line_1_22' title="bbox 240 2657 1390 2743; baseline 0.002 -22"><span class='ocrx_word' id='word_1_163' title='bbox 240 2658 339 2722; x_wconf 89' lang='lat' dir='ltr'><strong>latine</strong></span> <span class='ocrx_word' id='word_1_164' title='bbox 361 2663 454 2723; x_wconf 87' lang='lat' dir='ltr'><strong>sonat</strong></span> <span class='ocrx_word' id='word_1_165' title='bbox 477 2663 610 2743; x_wconf 88' lang='lat' dir='ltr'><strong>patruus</strong></span> <span class='ocrx_word' id='word_1_166' title='bbox 635 2659 826 2743; x_wconf 61' lang='lat' dir='ltr'><strong>{patruelis}</strong></span> <span class='ocrx_word' id='word_1_167' title='bbox 867 2657 927 2722; x_wconf 94' lang='lat' dir='ltr'><strong>hoc</strong></span> <span class='ocrx_word' id='word_1_168' title='bbox 958 2663 1065 2723; x_wconf 87' lang='lat' dir='ltr'><strong>autem</strong></span> <span class='ocrx_word' id='word_1_169' title='bbox 1093 2679 1153 2740; x_wconf 82' lang='lat' dir='ltr'><strong>ego</strong></span> <span class='ocrx_word' id='word_1_170' title='bbox 1183 2658 1275 2722; x_wconf 92' lang='lat' dir='ltr'><strong>credo</strong></span> <span class='ocrx_word' id='word_1_171' title='bbox 1306 2659 1390 2743; x_wconf 91' lang='lat' dir='ltr'><strong>quod</strong></span> 
     </span>
     <span class='ocr_line' id='line_1_23' title="bbox 240 2761 1392 2841; baseline 0.003 -15"><span class='ocrx_word' id='word_1_172' title='bbox 240 2785 354 2827; x_wconf 89' lang='lat' dir='ltr'><strong>nomen</strong></span> <span class='ocrx_word' id='word_1_173' title='bbox 378 2765 439 2828; x_wconf 92' lang='lat' dir='ltr'><strong>hoc</strong></span> <span class='ocrx_word' id='word_1_174' title='bbox 460 2761 573 2829; x_wconf 90' lang='lat' dir='ltr'><strong>Vetter</strong></span> <span class='ocrx_word' id='word_1_175' title='bbox 601 2765 687 2828; x_wconf 89' lang='lat' dir='ltr'><strong>illius</strong></span> <span class='ocrx_word' id='word_1_176' title='bbox 710 2763 841 2828; x_wconf 76' lang='lat' dir='ltr'><strong>familiae</strong></span> <span class='ocrx_word' id='word_1_177' title='bbox 863 2785 927 2827; x_wconf 91' lang='lat' dir='ltr'><strong>non</strong></span> <span class='ocrx_word' id='word_1_178' title='bbox 951 2765 993 2828; x_wconf 89' lang='lat' dir='ltr'><strong>sit</strong></span> <span class='ocrx_word' id='word_1_179' title='bbox 1016 2763 1231 2841; x_wconf 84' lang='lat' dir='ltr'><strong>teutonicum,</strong></span> <span class='ocrx_word' id='word_1_180' title='bbox 1264 2763 1320 2828; x_wconf 88' lang='lat' dir='ltr'><strong>sed</strong></span> <span class='ocrx_word' id='word_1_181' title='bbox 1348 2765 1392 2829; x_wconf 90' lang='lat' dir='ltr'><strong>sit</strong></span> 
     </span>
     <span class='ocr_line' id='line_1_24' title="bbox 240 2867 1391 2952; baseline 0 -20"><span class='ocrx_word' id='word_1_182' title='bbox 240 2869 278 2933; x_wconf 91' lang='lat' dir='ltr'><strong>de</strong></span> <span class='ocrx_word' id='word_1_183' title='bbox 300 2868 443 2952; x_wconf 89' lang='lat' dir='ltr'><strong>reliquiis</strong></span> <span class='ocrx_word' id='word_1_184' title='bbox 467 2867 590 2952; x_wconf 88' lang='lat' dir='ltr'><strong>antiqui</strong></span> <span class='ocrx_word' id='word_1_185' title='bbox 614 2867 709 2932; x_wconf 87' lang='lat' dir='ltr'><strong>latini</strong></span> <span class='ocrx_word' id='word_1_186' title='bbox 731 2868 879 2946; x_wconf 79' lang='lat' dir='ltr'><strong>nominis,</strong></span> <span class='ocrx_word' id='word_1_187' title='bbox 903 2868 986 2932; x_wconf 84' lang='lat' dir='ltr'><strong>forte</strong></span> <span class='ocrx_word' id='word_1_188' title='bbox 1010 2868 1095 2932; x_wconf 91' lang='lat' dir='ltr'><strong>enim</strong></span> <span class='ocrx_word' id='word_1_189' title='bbox 1111 2867 1189 2932; x_wconf 89' lang='lat' dir='ltr'><strong>olim</strong></span> <span class='ocrx_word' id='word_1_190' title='bbox 1206 2868 1281 2932; x_wconf 89' lang='lat' dir='ltr'><strong>dum</strong></span> <span class='ocrx_word' id='word_1_191' title='bbox 1305 2869 1391 2952; x_wconf 89' lang='lat' dir='ltr'><strong>apud</strong></span> 
     </span>
     <span class='ocr_line' id='line_1_25' title="bbox 241 2972 1391 3058; baseline 0 -20"><span class='ocrx_word' id='word_1_192' title='bbox 241 2972 401 3039; x_wconf 88' lang='lat' dir='ltr'><strong>Romanos</strong></span> <span class='ocrx_word' id='word_1_193' title='bbox 423 2975 552 3058; x_wconf 83' lang='lat' dir='ltr'><strong>degeret</strong></span> <span class='ocrx_word' id='word_1_194' title='bbox 575 2973 726 3037; x_wconf 89' lang='lat' dir='ltr'><strong>nobilitas</strong></span> <span class='ocrx_word' id='word_1_195' title='bbox 756 2977 789 3037; x_wconf 89' lang='lat' dir='ltr'><strong>et</strong></span> <span class='ocrx_word' id='word_1_196' title='bbox 820 2973 960 3038; x_wconf 91' lang='lat' dir='ltr'><strong>veterani</strong></span> <span class='ocrx_word' id='word_1_197' title='bbox 983 2973 1100 3038; x_wconf 88' lang='lat' dir='ltr'><strong>milites</strong></span> <span class='ocrx_word' id='word_1_198' title='bbox 1133 2973 1256 3038; x_wconf 89' lang='lat' dir='ltr'><strong>emeriti</strong></span> <span class='ocrx_word' id='word_1_199' title='bbox 1290 2973 1391 3058; x_wconf 89' lang='lat' dir='ltr'><strong>quieti</strong></span> 
     </span>
     <span class='ocr_line' id='line_1_26' title="bbox 239 3077 1392 3163; baseline -0.001 -19"><span class='ocrx_word' id='word_1_200' title='bbox 239 3083 399 3160; x_wconf 82' lang='lat' dir='ltr'><strong>vacarent,</strong></span> <span class='ocrx_word' id='word_1_201' title='bbox 421 3079 455 3143; x_wconf 92' lang='lat' dir='ltr'><strong>in</strong></span> <span class='ocrx_word' id='word_1_202' title='bbox 479 3078 672 3163; x_wconf 89' lang='lat' dir='ltr'><strong>dispersione</strong></span> <span class='ocrx_word' id='word_1_203' title='bbox 693 3078 850 3143; x_wconf 89' lang='lat' dir='ltr'><strong>nobilium&#39;</strong></span> <span class='ocrx_word' id='word_1_204' title='bbox 873 3078 970 3143; x_wconf 89' lang='lat' dir='ltr'><strong>etiam</strong></span> <span class='ocrx_word' id='word_1_205' title='bbox 993 3077 1135 3143; x_wconf 87' lang='lat' dir='ltr'><strong>veterani</strong></span> <span class='ocrx_word' id='word_1_206' title='bbox 1158 3077 1315 3163; x_wconf 85' lang='lat' dir='ltr'><strong>emigrare</strong></span> <span class='ocrx_word' id='word_1_207' title='bbox 1337 3101 1392 3143; x_wconf 88' lang='lat' dir='ltr'><strong>co-</strong></span> 
     </span>
     <span class='ocr_line' id='line_1_27' title="bbox 239 3182 1390 3269; baseline 0.001 -22"><span class='ocrx_word' id='word_1_208' title='bbox 239 3183 302 3248; x_wconf 90' lang='lat' dir='ltr'><strong>acti</strong></span> <span class='ocrx_word' id='word_1_209' title='bbox 325 3189 417 3263; x_wconf 82' lang='lat' dir='ltr'><strong>sunt3</strong></span> <span class='ocrx_word' id='word_1_210' title='bbox 446 3185 485 3250; x_wconf 91' lang='lat' dir='ltr'><strong>de</strong></span> <span class='ocrx_word' id='word_1_211' title='bbox 507 3185 622 3269; x_wconf 90' lang='lat' dir='ltr'><strong>quibus</strong></span> <span class='ocrx_word' id='word_1_212' title='bbox 646 3183 775 3268; x_wconf 88' lang='lat' dir='ltr'><strong>qnidam</strong></span> <span class='ocrx_word' id='word_1_213' title='bbox 798 3183 831 3247; x_wconf 91' lang='lat' dir='ltr'><strong>in</strong></span> <span class='ocrx_word' id='word_1_214' title='bbox 854 3183 912 3247; x_wconf 85' lang='lat' dir='ltr'><strong>has</strong></span> <span class='ocrx_word' id='word_1_215' title='bbox 935 3187 1061 3247; x_wconf 90' lang='lat' dir='ltr'><strong>nostras</strong></span> <span class='ocrx_word' id='word_1_216' title='bbox 1084 3182 1229 3266; x_wconf 85' lang='lat' dir='ltr'><strong>regiones</strong></span> <span class='ocrx_word' id='word_1_217' title='bbox 1252 3183 1390 3266; x_wconf 82' lang='lat' dir='ltr'><strong>elapsus,</strong></span> 
     </span>
     <span class='ocr_line' id='line_1_28' title="bbox 240 3287 1392 3354; baseline 0 -2"><span class='ocrx_word' id='word_1_218' title='bbox 240 3293 388 3354; x_wconf 88' lang='lat' dir='ltr'><strong>truncato</strong></span> <span class='ocrx_word' id='word_1_219' title='bbox 411 3312 475 3353; x_wconf 76' lang='lat' dir='ltr'><strong>suae</strong></span> <span class='ocrx_word' id='word_1_220' title='bbox 498 3289 656 3354; x_wconf 87' lang='lat' dir='ltr'><strong>libertatis</strong></span> <span class='ocrx_word' id='word_1_221' title='bbox 686 3287 813 3352; x_wconf 88' lang='lat' dir='ltr'><strong>nomine</strong></span> <span class='ocrx_word' id='word_1_222' title='bbox 836 3291 1003 3352; x_wconf 88' lang='lat' dir='ltr'><strong>veteranus</strong></span> <span class='ocrx_word' id='word_1_223' title='bbox 1033 3310 1053 3351; x_wconf 90' lang='lat' dir='ltr'><strong>a</strong></span> <span class='ocrx_word' id='word_1_224' title='bbox 1084 3287 1253 3352; x_wconf 90' lang='lat' dir='ltr'><strong>teutonicis</strong></span> <span class='ocrx_word' id='word_1_225' title='bbox 1278 3287 1392 3354; x_wconf 88' lang='lat' dir='ltr'><strong>Vetter</strong></span> 
     </span>
     <span class='ocr_line' id='line_1_29' title="bbox 239 3391 1389 3479; baseline -0.001 -21"><span class='ocrx_word' id='word_1_226' title='bbox 239 3393 394 3477; x_wconf 87' lang='lat' dir='ltr'><strong>appellari</strong></span> <span class='ocrx_word' id='word_1_227' title='bbox 416 3393 513 3479; x_wconf 82' lang='lat' dir='ltr'><strong>coepit</strong></span> <span class='ocrx_word' id='word_1_228' title='bbox 535 3416 606 3458; x_wconf 91' lang='lat' dir='ltr'><strong>cum</strong></span> <span class='ocrx_word' id='word_1_229' title='bbox 629 3415 687 3458; x_wconf 90' lang='lat' dir='ltr'><strong>sua</strong></span> <span class='ocrx_word' id='word_1_230' title='bbox 709 3393 875 3478; x_wconf 84' lang='lat' dir='ltr'><strong>progenie:</strong></span> <span class='ocrx_word' id='word_1_231' title='bbox 902 3391 953 3456; x_wconf 91' lang='lat' dir='ltr'><strong>cui</strong></span> <span class='ocrx_word' id='word_1_232' title='bbox 976 3393 1073 3457; x_wconf 91' lang='lat' dir='ltr'><strong>etiam</strong></span> <span class='ocrx_word' id='word_1_233' title='bbox 1096 3395 1250 3456; x_wconf 88' lang='lat' dir='ltr'><strong>consonat</strong></span> <span class='ocrx_word' id='word_1_234' title='bbox 1273 3415 1389 3457; x_wconf 91' lang='lat' dir='ltr'><strong>nomen</strong></span> 
     </span>
     <span class='ocr_line' id='line_1_30' title="bbox 240 3495 1391 3583; baseline 0.001 -21"><span class='ocrx_word' id='word_1_235' title='bbox 240 3500 403 3583; x_wconf 91' lang='lat' dir='ltr'><strong>proprium</strong></span> <span class='ocrx_word' id='word_1_236' title='bbox 426 3499 522 3565; x_wconf 89' lang='lat' dir='ltr'><strong>castri</strong></span> <span class='ocrx_word' id='word_1_237' title='bbox 546 3499 628 3564; x_wconf 90' lang='lat' dir='ltr'><strong>sedis</strong></span> <span class='ocrx_word' id='word_1_238' title='bbox 650 3521 776 3577; x_wconf 84' lang='lat' dir='ltr'><strong>eorum,</strong></span> <span class='ocrx_word' id='word_1_239' title='bbox 806 3497 891 3583; x_wconf 92' lang='lat' dir='ltr'><strong>quod</strong></span> <span class='ocrx_word' id='word_1_240' title='bbox 910 3497 1027 3562; x_wconf 90' lang='lat' dir='ltr'><strong>dicitur</strong></span> <span class='ocrx_word' id='word_1_241' title='bbox 1043 3495 1197 3582; x_wconf 75' lang='lat' dir='ltr'><strong>Altnegg‚</strong></span> <span class='ocrx_word' id='word_1_242' title='bbox 1221 3497 1313 3581; x_wconf 88' lang='lat' dir='ltr'><strong>quasi</strong></span> <span class='ocrx_word' id='word_1_243' title='bbox 1337 3521 1391 3563; x_wconf 92' lang='lat' dir='ltr'><strong>ve·</strong></span> 
     </span>
     <span class='ocr_line' id='line_1_31' title="bbox 240 3601 1390 3688; baseline 0 -20"><span class='ocrx_word' id='word_1_244' title='bbox 240 3609 344 3669; x_wconf 91' lang='lat' dir='ltr'><strong>terum</strong></span> <span class='ocrx_word' id='word_1_245' title='bbox 366 3627 464 3670; x_wconf 88' lang='lat' dir='ltr'><strong>cornu</strong></span> <span class='ocrx_word' id='word_1_246' title='bbox 487 3607 537 3670; x_wconf 92' lang='lat' dir='ltr'><strong>vel</strong></span> <span class='ocrx_word' id='word_1_247' title='bbox 559 3609 798 3682; x_wconf 85' lang='lat' dir='ltr'><strong>veteranorum,</strong></span> <span class='ocrx_word' id='word_1_248' title='bbox 822 3605 896 3668; x_wconf 91' lang='lat' dir='ltr'><strong>licet</strong></span> <span class='ocrx_word' id='word_1_249' title='bbox 919 3602 1066 3688; x_wconf 82' lang='lat' dir='ltr'><strong>vulgares</strong></span> <span class='ocrx_word' id='word_1_250' title='bbox 1089 3601 1164 3666; x_wconf 91' lang='lat' dir='ltr'><strong>huic</strong></span> <span class='ocrx_word' id='word_1_251' title='bbox 1187 3603 1309 3667; x_wconf 89' lang='lat' dir='ltr'><strong>nomini</strong></span> <span class='ocrx_word' id='word_1_252' title='bbox 1334 3604 1390 3668; x_wconf 92' lang='lat' dir='ltr'><strong>ad·</strong></span> 
     </span>
    </p>
   </div>
   <div class='ocr_carea' id='block_1_4' title="bbox 239 3707 1392 3865">
    <p class='ocr_par' dir='ltr' id='par_1_4' title="bbox 239 3707 1392 3865">
     <span class='ocr_line' id='line_1_32' title="bbox 239 3707 1392 3793; baseline 0.002 -20"><span class='ocrx_word' id='word_1_253' title='bbox 239 3709 317 3773; x_wconf 88' lang='lat' dir='ltr'><strong>dant</strong></span> <span class='ocrx_word' id='word_1_254' title='bbox 340 3709 480 3775; x_wconf 87' lang='lat' dir='ltr'><strong>litteram</strong></span> <span class='ocrx_word' id='word_1_255' title='bbox 495 3709 536 3789; x_wconf 88' lang='lat' dir='ltr'><strong>K,</strong></span> <span class='ocrx_word' id='word_1_256' title='bbox 559 3709 697 3774; x_wconf 88' lang='lat' dir='ltr'><strong>dicentes</strong></span> <span class='ocrx_word' id='word_1_257' title='bbox 713 3707 905 3793; x_wconf 75' lang='lat' dir='ltr'><strong>Kastmegg,</strong></span> <span class='ocrx_word' id='word_1_258' title='bbox 925 3730 996 3772; x_wconf 89' lang='lat' dir='ltr'><strong>cum</strong></span> <span class='ocrx_word' id='word_1_259' title='bbox 1016 3711 1125 3772; x_wconf 88' lang='lat' dir='ltr'><strong>tamen</strong></span> <span class='ocrx_word' id='word_1_260' title='bbox 1144 3708 1177 3772; x_wconf 90' lang='lat' dir='ltr'><strong>in</strong></span> <span class='ocrx_word' id='word_1_261' title='bbox 1194 3707 1239 3773; x_wconf 89' lang='lat' dir='ltr'><strong>rei</strong></span> <span class='ocrx_word' id='word_1_262' title='bbox 1255 3709 1392 3774; x_wconf 89' lang='lat' dir='ltr'><strong>veritate</strong></span> 
     </span>
     <span class='ocr_line' id='line_1_33' title="bbox 805 3825 823 3865; baseline 0 0"><span class='ocrx_word' id='word_1_263' title='bbox 805 3825 823 3865; x_wconf 74' lang='lat' dir='ltr'><strong>a</strong></span> 
     </span>
    </p>
   </div>
   <div class='ocr_carea' id='block_1_5' title="bbox 239 3904 1393 4503">
    <p class='ocr_par' dir='ltr' id='par_1_5' title="bbox 239 3904 1393 4503">
     <span class='ocr_line' id='line_1_34' title="bbox 311 3904 1390 3965; baseline 0.003 -3"><span class='ocrx_word' id='word_1_264' title='bbox 311 3907 324 3962; x_wconf 92' lang='lat'>1</span> <span class='ocrx_word' id='word_1_265' title='bbox 344 3907 385 3963; x_wconf 90' lang='lat' dir='ltr'><strong>De</strong></span> <span class='ocrx_word' id='word_1_266' title='bbox 405 3908 615 3964; x_wconf 86' lang='lat' dir='ltr'><strong>Vettereusibus</strong></span> <span class='ocrx_word' id='word_1_267' title='bbox 635 3908 708 3963; x_wconf 87' lang='lat' dir='ltr'><strong>Mon.</strong></span> <span class='ocrx_word' id='word_1_268' title='bbox 727 3907 753 3960; x_wconf 80' lang='grc'><strong>2.</strong></span> <span class='ocrx_word' id='word_1_269' title='bbox 771 3906 839 3964; x_wconf 86' lang='lat' dir='ltr'><strong>Gok.</strong></span> <span class='ocrx_word' id='word_1_270' title='bbox 860 3907 932 3962; x_wconf 82' lang='lat' dir='ltr'><strong>Base.</strong></span> <span class='ocrx_word' id='word_1_271' title='bbox 969 3904 1071 3961; x_wconf 80' lang='lat' dir='ltr'><strong>Sohad.</strong></span> <span class='ocrx_word' id='word_1_272' title='bbox 1091 3905 1143 3960; x_wconf 85' lang='lat' dir='ltr'><strong>hat</strong></span> <span class='ocrx_word' id='word_1_273' title='bbox 1162 3923 1209 3960; x_wconf 88' lang='lat' dir='ltr'><strong>am</strong></span> <span class='ocrx_word' id='word_1_274' title='bbox 1227 3909 1316 3964; x_wconf 84' lang='lat' dir='ltr'><strong>rande</strong></span> <span class='ocrx_word' id='word_1_275' title='bbox 1335 3927 1390 3965; x_wconf 90' lang='lat' dir='ltr'><strong>von</strong></span> 
     </span>
     <span class='ocr_line' id='line_1_35' title="bbox 240 3991 1391 4065; baseline 0.002 -17"><span class='ocrx_word' id='word_1_276' title='bbox 240 3994 331 4065; x_wconf 82' lang='lat' dir='ltr'><strong>gleich</strong></span> <span class='ocrx_word' id='word_1_277' title='bbox 351 3995 424 4050; x_wconf 86' lang='lat' dir='ltr'><strong>alter</strong></span> <span class='ocrx_word' id='word_1_278' title='bbox 442 3995 533 4049; x_wconf 87' lang='lat' dir='ltr'><strong>hand:</strong></span> <span class='ocrx_word' id='word_1_279' title='bbox 553 3995 652 4050; x_wconf 83' lang='lat' dir='ltr'><strong>Vetter</strong></span> <span class='ocrx_word' id='word_1_280' title='bbox 666 4011 721 4048; x_wconf 92' lang='lat' dir='ltr'><strong>von</strong></span> <span class='ocrx_word' id='word_1_281' title='bbox 738 3991 927 4058; x_wconf 83' lang='lat' dir='ltr'><strong>Goldochllen‚</strong></span> <span class='ocrx_word' id='word_1_282' title='bbox 948 3993 1045 4063; x_wconf 82' lang='lat' dir='ltr'><strong>llsing,</strong></span> <span class='ocrx_word' id='word_1_283' title='bbox 1064 3993 1216 4048; x_wconf 76' lang='lat' dir='ltr'><strong>Grtmlich.</strong></span> <span class='ocrx_word' id='word_1_284' title='bbox 1253 3993 1391 4052; x_wconf 87' lang='lat' dir='ltr'><strong>Veteren-</strong></span> 
     </span>
     <span class='ocr_line' id='line_1_36' title="bbox 239 4079 1391 4151; baseline 0.003 -17"><span class='ocrx_word' id='word_1_285' title='bbox 239 4083 310 4135; x_wconf 86' lang='lat' dir='ltr'><strong>sium</strong></span> <span class='ocrx_word' id='word_1_286' title='bbox 330 4099 375 4136; x_wconf 85' lang='lat' dir='ltr'><strong>am</strong></span> <span class='ocrx_word' id='word_1_287' title='bbox 396 4083 505 4151; x_wconf 81' lang='lat' dir='ltr'><strong>anfang</strong></span> <span class='ocrx_word' id='word_1_288' title='bbox 522 4081 615 4136; x_wconf 87' lang='lat' dir='ltr'><strong>haben</strong></span> <span class='ocrx_word' id='word_1_289' title='bbox 634 4081 698 4146; x_wconf 84' lang='lat' dir='ltr'><strong>alle,</strong></span> <span class='ocrx_word' id='word_1_290' title='bbox 720 4081 773 4134; x_wconf 89' lang='lat' dir='ltr'><strong>mit</strong></span> <span class='ocrx_word' id='word_1_291' title='bbox 785 4081 939 4137; x_wconf 86' lang='lat' dir='ltr'><strong>ausnahme</strong></span> <span class='ocrx_word' id='word_1_292' title='bbox 957 4099 1012 4138; x_wconf 88' lang='lat' dir='ltr'><strong>von</strong></span> <span class='ocrx_word' id='word_1_293' title='bbox 1030 4080 1100 4138; x_wconf 81' lang='lat' dir='ltr'><strong>Golr.</strong></span> <span class='ocrx_word' id='word_1_294' title='bbox 1119 4082 1177 4136; x_wconf 88' lang='lat' dir='ltr'><strong>und</strong></span> <span class='ocrx_word' id='word_1_295' title='bbox 1193 4079 1267 4136; x_wconf 76' lang='lat' dir='ltr'><strong>Besa.</strong></span> <span class='ocrx_word' id='word_1_296' title='bbox 1285 4083 1391 4138; x_wconf 81' lang='lat' dir='ltr'><strong>welche</strong></span> 
     </span>
     <span class='ocr_line' id='line_1_37' title="bbox 241 4167 1392 4240; baseline 0.003 -18"><span class='ocrx_word' id='word_1_297' title='bbox 241 4169 447 4224; x_wconf 87' lang='lat' dir='ltr'><strong>Vetterensinm</strong></span> <span class='ocrx_word' id='word_1_298' title='bbox 465 4168 566 4224; x_wconf 86' lang='lat' dir='ltr'><strong>haben.</strong></span> <span class='ocrx_word' id='word_1_299' title='bbox 638 4169 819 4238; x_wconf 80' lang='lat' dir='ltr'><strong>2Kaltnegg</strong></span> <span class='ocrx_word' id='word_1_300' title='bbox 838 4168 882 4223; x_wconf 92' lang='lat' dir='ltr'><strong>vel</strong></span> <span class='ocrx_word' id='word_1_301' title='bbox 901 4167 1029 4239; x_wconf 80' lang='lat' dir='ltr'><strong>Altnegg</strong></span> <span class='ocrx_word' id='word_1_302' title='bbox 1047 4167 1133 4224; x_wconf 89' lang='lat' dir='ltr'><strong>Wibl.</strong></span> <span class='ocrx_word' id='word_1_303' title='bbox 1178 4167 1328 4240; x_wconf 80' lang='lat' dir='ltr'><strong>Kastnegg</strong></span> <span class='ocrx_word' id='word_1_304' title='bbox 1347 4171 1392 4225; x_wconf 89' lang='lat' dir='ltr'><strong>vel</strong></span> 
     </span>
     <span class='ocr_line' id='line_1_38' title="bbox 241 4254 1392 4329; baseline 0.003 -19"><span class='ocrx_word' id='word_1_305' title='bbox 241 4256 368 4326; x_wconf 76' lang='lat' dir='ltr'><strong>Altnegg</strong></span> <span class='ocrx_word' id='word_1_306' title='bbox 385 4254 484 4310; x_wconf 87' lang='lat' dir='ltr'><strong>Schad.</strong></span> <span class='ocrx_word' id='word_1_307' title='bbox 503 4255 624 4311; x_wconf 86' lang='lat' dir='ltr'><strong>Schmid.</strong></span> <span class='ocrx_word' id='word_1_308' title='bbox 643 4255 687 4310; x_wconf 87' lang='grc' dir='ltr'><strong>ΚΙ.</strong></span> <span class='ocrx_word' id='word_1_309' title='bbox 725 4256 870 4327; x_wconf 79' lang='lat' dir='ltr'><strong>Kastnegg</strong></span> <span class='ocrx_word' id='word_1_310' title='bbox 893 4259 950 4326; x_wconf 87' lang='lat' dir='ltr'><strong>(am</strong></span> <span class='ocrx_word' id='word_1_311' title='bbox 974 4257 1075 4314; x_wconf 83' lang='lat' dir='ltr'><strong>rande:</strong></span> <span class='ocrx_word' id='word_1_312' title='bbox 1099 4259 1193 4314; x_wconf 82' lang='lat' dir='ltr'><strong>forsan</strong></span> <span class='ocrx_word' id='word_1_313' title='bbox 1213 4257 1340 4329; x_wconf 81' lang='lat' dir='ltr'><strong>Kaltegg</strong></span> <span class='ocrx_word' id='word_1_314' title='bbox 1358 4261 1392 4314; x_wconf 84' lang='lat' dir='ltr'><strong>rt</strong></span> 
     </span>
     <span class='ocr_line' id='line_1_39' title="bbox 239 4342 1393 4416; baseline 0.003 -19"><span class='ocrx_word' id='word_1_315' title='bbox 239 4343 314 4398; x_wconf 77' lang='lat' dir='ltr'><strong>infra</strong></span> <span class='ocrx_word' id='word_1_316' title='bbox 333 4342 454 4412; x_wconf 84' lang='lat' dir='ltr'><strong>patebit)</strong></span> <span class='ocrx_word' id='word_1_317' title='bbox 468 4342 513 4398; x_wconf 91' lang='lat' dir='ltr'><strong>vel</strong></span> <span class='ocrx_word' id='word_1_318' title='bbox 527 4343 633 4414; x_wconf 78' lang='lat' dir='ltr'><strong>Altegg</strong></span> <span class='ocrx_word' id='word_1_319' title='bbox 644 4345 713 4401; x_wconf 83' lang='lat' dir='ltr'><strong>Golr.</strong></span> <span class='ocrx_word' id='word_1_320' title='bbox 726 4344 826 4402; x_wconf 83' lang='lat' dir='ltr'><strong>ebeuso</strong></span> <span class='ocrx_word' id='word_1_321' title='bbox 839 4345 913 4401; x_wconf 81' lang='lat' dir='ltr'><strong>Besa.</strong></span> <span class='ocrx_word' id='word_1_322' title='bbox 947 4343 1102 4401; x_wconf 79' lang='lat' dir='ltr'><strong>Kalleneclr</strong></span> <span class='ocrx_word' id='word_1_323' title='bbox 1119 4344 1157 4400; x_wconf 85' lang='lat' dir='ltr'><strong>ist</strong></span> <span class='ocrx_word' id='word_1_324' title='bbox 1170 4345 1231 4401; x_wconf 88' lang='lat' dir='ltr'><strong>eine</strong></span> <span class='ocrx_word' id='word_1_325' title='bbox 1244 4345 1304 4402; x_wconf 78' lang='lat' dir='ltr'><strong>alte</strong></span> <span class='ocrx_word' id='word_1_326' title='bbox 1316 4347 1393 4416; x_wconf 78' lang='lat' dir='ltr'><strong>burg</strong></span> 
     </span>
     <span class='ocr_line' id='line_1_40' title="bbox 240 4429 1207 4503; baseline 0.002 -19"><span class='ocrx_word' id='word_1_327' title='bbox 240 4431 284 4486; x_wconf 86' lang='lat' dir='ltr'><strong>bei</strong></span> <span class='ocrx_word' id='word_1_328' title='bbox 302 4429 527 4500; x_wconf 82' lang='lat' dir='ltr'><strong>Holzgerlingcn,</strong></span> <span class='ocrx_word' id='word_1_329' title='bbox 546 4432 705 4489; x_wconf 80' lang='lat' dir='ltr'><strong>wdrttemh.</strong></span> <span class='ocrx_word' id='word_1_330' title='bbox 724 4431 789 4488; x_wconf 66' lang='grc' dir='ltr'><strong>ΟΔ.</strong></span> <span class='ocrx_word' id='word_1_331' title='bbox 808 4431 973 4503; x_wconf 78' lang='lat' dir='ltr'><strong>Bdblingeu.</strong></span> <span class='ocrx_word' id='word_1_332' title='bbox 1045 4437 1062 4490; x_wconf 85' lang='grc'>3</span> <span class='ocrx_word' id='word_1_333' title='bbox 1084 4431 1120 4490; x_wconf 82' lang='lat' dir='ltr'><strong>So</strong></span> <span class='ocrx_word' id='word_1_334' title='bbox 1138 4432 1207 4488; x_wconf 79' lang='lat' dir='ltr'><strong>ellel</strong></span> 
     </span>
    </p>
   </div>
   <div class='ocr_carea' id='block_1_6' title="bbox 0 0 1540 4936">
    <p class='ocr_par' dir='ltr' id='par_1_6' title="bbox 0 0 1540 4936">
     <span class='ocr_line' id='line_1_41' title="bbox 0 0 1540 4936; baseline 0 0"><span class='ocrx_word' id='word_1_335' title='bbox 0 0 1540 4936; x_wconf 95' lang='lat' dir='ltr'><strong> </strong></span> 
     </span>
    </p>
   </div>
  </div>
 </body>
</html>
