3034 4922
803 321 984 394 190·

335 521 388 562 ⁶⁶⁷0
417 502 520 590 Rogo,
544 502 627 588 quod
651 525 701 568 me
723 503 897 568 desolatam
919 503 1058 590 digneris
1081 503 1238 569 consolari

414 607 475 674 Per
497 615 586 673 tuam
609 609 879 686 resurrectionem,
902 631 998 693 quam
1022 630 1071 673 me
1093 609 1261 693 prestolari

412 713 559 791 laeseras,
582 733 654 776 cum
675 713 792 797 gaudio
816 736 890 778 nam
912 713 1004 778 credo
1026 718 1241 779 surrecturum

413 818 494 884 Fore
516 823 548 884 te
569 823 642 902 post
663 819 814 897 triduum,
838 820 1007 885 etiterum
1029 819 1201 884 visurum<

503 1135 682 1208 Planctus
709 1135 895 1208 Johannis
922 1136 1166 1232 evangeliste.

412 1343 619 1428 Evangelista
640 1341 812 1422 lohannes,
837 1343 1026 1428 predilectns
1048 1345 1177 1426 Christi,

335 1468 386 1506 ⁶⁶⁷⁵
414 1450 549 1514 Mortem
572 1449 621 1513 sui
644 1449 764 1513 domini
786 1449 874 1513 luctu
896 1451 1022 1534 planxit
1044 1453 1148 1531 tristi,

413 1553 552 1618 Tantum
574 1554 658 1618 enim
680 1553 810 1618 fleverat
831 1553 978 1619 lamentis
1000 1555 1183 1638 inherendo,

414 1657 505 1736 Quod
528 1679 607 1742 pene
629 1657 694 1722 iam
716 1657 872 1724 defecerat
894 1679 948 1724 cor
969 1661 1036 1726 eius
1059 1661 1243 1747 affligendo.

415 1764 567 1829 Dicebat:
595 1761 671 1842 »Ve,
694 1785 732 1827 ve
754 1763 879 1840 misero,
902 1786 940 1829 ve
962 1765 1051 1845 mihi,
1075 1789 1113 1832 ve
1134 1767 1197 1832 diei

413 1867 451 1933 In
474 1891 537 1953 qua
559 1867 666 1932 dilecti
688 1868 808 1932 domini
831 1872 964 1934 mortem
985 1891 1079 1936 cerno
1100 1871 1182 1936 mei!

267 1983 269 1988 “
336 1991 389 2030 111
415 1971 474 2052 Vs,
498 1995 535 2038 ve
556 1973 646 2052 mihi,
669 1973 721 2057 pie
743 1971 830 2052 Jesu,
854 1995 892 2039 re
913 1975 1039 2040 domine
1061 1976 1211 2060 preclare,
1312 2057 1315 2064 Ι

413 2076 469 2157 Ve,
493 2099 550 2142 cur
571 2079 658 2142 subis
682 2079 858 2162 passionem
879 2079 992 2144 mortis
1014 2084 1081 2145 tam
1104 2085 1234 2147 amare?

413 2183 471 2262 Ve,
496 2205 541 2263 ve,
565 2205 665 2269 genus
688 2203 744 2248 cur
766 2185 940 2250 humanum
963 2207 1069 2252 creare
1091 2187 1230 2267 voluisti,

413 2289 491 2352 Cum
514 2311 574 2373 pro
595 2309 631 2353 eo
654 2294 745 2352 tanta
766 2289 851 2353 mala
875 2310 1040 2373 passurum
1062 2293 1095 2354 te
1116 2291 1262 2356 scivisti?
1379 2320 1385 2330 ·

412 2393 483 2458 Heu
506 2417 564 2472 me,
587 2416 671 2458 nnnc
693 2395 824 2479 impleta
846 2397 930 2473 sunt,
954 2417 1015 2479 que
1037 2395 1156 2460 dudum
1178 2395 1353 2480 predixisti,

335 2517 386 2554 ⁶⁶⁸⁶
413 2497 502 2574 Quod
525 2503 659 2563 mortem
682 2499 764 2563 hanc
785 2521 935 2584 passurus
958 2521 1051 2580 esses,
1074 2501 1165 2566 nobis
1189 2503 1336 2568 retulisti.

412 2603 507 2668 Modo
531 2603 613 2668 bibis
635 2605 764 2669 calicem
786 2627 881 2689 quem·
903 2609 935 2669 te
958 2605 1134 2670 bibiturum

412 2707 544 2772 Dixeras
566 2713 598 2773 et
621 2709 711 2772 nobis
733 2729 867 2793 regnum
888 2731 944 2794 per
966 2708 1051 2774 hunc
1072 2713 1104 2774 te
1126 2710 1283 2775 daturum

293 2845 295 2850 ·
411 2812 483 2878 Heu
505 2837 563 2892 me,
588 2835 671 2878 nunc
693 2815 850 2899 quomodo
872 2815 939 2878 sine
962 2819 994 2879 te
1015 2816 1159 2894 manebo,

411 2917 491 2984 Cum
512 2923 569 2983 tua
590 2919 776 2984 mellifluam
798 2921 974 2984 doctrinam
998 2941 1061 2985 non
1085 2919 1218 3000 habete,

333 3043 385 3080 111
411 3022 519 3108 Atque
541 3025 754 3090 consolatione
776 3029 833 3090 tua
854 3047 926 3090 cum
949 3023 1061 3091 carebo

411 3131 455 3196 Et
477 3135 565 3195 tuam
588 3133 674 3215 piam
696 3131 809 3196 faciem
830 3133 927 3197 miser
948 3155 1012 3198 non
1035 3133 1171 3198 ridebo?

411 3235 496 3301 Nam
518 3241 554 3301 tu
575 3236 656 3300 mihi
678 3241 768 3320 pater
790 3257 859 3301 1111
882 3237 1143 3322 dulcissimaeque
1164 3259 1250 3301 meus

411 3342 567 3429 Magister
589 3345 684 3428 atque
706 3343 861 3422 dominus,
885 3343 1025 3408 salrator
1047 3347 1142 3427 atque
1163 3341 1248 3406 deus.

339 3521 342 3528 ,
412 3448 483 3533 Ego
506 3469 631 3532 quoque
653 3447 701 3511 fui
724 3449 784 3512 tibi
807 3449 974 3532 preceteris
998 3448 1140 3527 dilectus,

334 3572 386 3610 11
414 3553 458 3618 Et
481 3553 717 3638 precordialiter
739 3575 777 3619 ex
800 3553 946 3617 omnibus
969 3552 1096 3618 electus.

412 3657 539 3724 Secreta
561 3665 615 3723 tue
637 3659 766 3723 deitatis
788 3658 950 3723 ostendere
973 3657 1124 3742 dignatus

412 3764 456 3829 Es
477 3765 568 3840 mihi,
591 3765 666 3848 quia
688 3785 793 3829 coram
815 3785 866 3828 me
887 3767 925 3828 tu
946 3763 1192 3849 transfiguratur

413 3869 526 3948 Fuisti,
549 3875 637 3934 tuam
659 3871 796 3955 gloriam
820 3869 899 3934 mihi
922 3869 1178 3948 demonstrando,

413 3975 605 4059 Occultaque
627 3975 754 4040 celestia
776 3974 856 4039 mihi
880 3975 1058 4053 revelando,

335 4101 387 4139 1111
414 4079 490 4146 Sero
512 4085 599 4144 teum
621 4101 693 4144 cum
715 4078 901 4144 Paschalem
923 4101 1032 4144 cenam
1055 4078 1252 4158 manducavi,

412 4186 456 4250 Et
477 4207 527 4250 me
549 4207 645 4269 supra
667 4185 757 4250 dulce
778 4189 888 4270 pectus
910 4189 1001 4248 tuum
1023 4185 1183 4264 reclinavi,

412 4289 514 4365 Quam
535 4293 626 4354 tuum
649 4289 843 4375 proditorem
865 4290 945 4355 mihi
967 4291 1199 4370 demonstrasti,

411 4393 461 4465 Ibi
482 4415 533 4461 me
555 4395 751 4461 dulcedinem
774 4397 936 4462 celestium
959 4396 1086 4482 potasti,
