2996 4924
799 341 842 406 26

402 520 463 586 Pre
481 521 602 586 cunctis
625 541 695 586 eam
718 519 890 584 admonent
911 537 1036 581 serrare
1058 513 1238 579 castitatem

404 627 511 710 Atque
533 625 721 710 patientiam
745 629 777 689 et
797 621 1023 698 humilitatam,

401 731 462 796 Dei
484 731 550 795 sive
572 730 710 814 proximi
733 729 847 793 sectari
869 727 1045 804 caritatem,

337 855 375 892 ⁶⁴0
401 835 442 901 In
464 859 557 920 opere
579 835 743 913 iustitiam¹
759 835 792 898 in
817 833 920 898 verbis
942 832 1119 908 veritatem,

403 941 538 1006 Prebere
559 927 736 1006 senioribus
758 939 841 1004 hano
864 937 1035 1002 admonent
1058 935 1222 1014 honorem,

404 1046 511 1130 Atque
533 1045 712 1110 iunioribus
734 1043 875 1108 debitum
900 1063 1048 1120 amorem,

403 1151 529 1243 Misenis
552 1149 769 1216 attribuistis
791 1153 829 1213 ut
850 1148 1100 1236 compassionem

404 1255 560 1322 Ostendat
581 1261 613 1322 et
636 1255 827 1340 pauperibus
850 1253 1119 1329 sublevationem
1171 1339 1174 1344 Ι

337 1381 375 1416 545
403 1361 510 1446 Ipsam
533 1363 646 1427 docent
669 1361 810 1426 moribus
833 1381 959 1425 servare
980 1357 1181 1443 disciplinam

404 1467 449 1532 nt
473 1467 643 1542 secundum
666 1466 890 1550 prophetarum
915 1465 1020 1528 vivere
1042 1463 1230 1528 doctrinam.

405 1573 538 1636 Attente
560 1594 635 1637 vero
657 1572 780 1637 monita
802 1575 971 1656 parentum
992 1569 1052 1634 heo
1074 1566 1196 1632 audivit

406 1675 524 1742 Sancta
546 1678 651 1762 proles
674 1682 706 1744 et
728 1679 772 1743 eis
796 1678 932 1743 libenter
954 1661 1104 1741 obedivit.

406 1781 603 1848 Observabat
625 1785 732 1848 omnia
755 1783 905 1848 mandata
928 1781 978 1846 sui
1000 1781 1101 1866 patris

335 1905 378 1941 rso
404 1886 633 1972 Obtemperans
654 1888 794 1953 consiliis
816 1885 928 1953 dilecte
949 1909 1004 1952 sue
1027 1884 1149 1950 matris.

404 1992 479 2058 Non
503 2003 608 2058 autem
632 2001 699 2059 erat
722 1978 860 2060 insolens
883 2013 971 2058 more
992 1989 1106 2076 puerili

406 2096 474 2162 Nec
495 2104 563 2164 erat
585 2121 773 2184 exasperans
795 2120 883 2163 more
905 2097 1046 2162 iuvenili.

408 2201 583 2287 Nunquam
607 2203 802 2268 vanitatibus
823 2202 946 2268 levibus
968 2198 1110 2278 excessit,

405 2304 465 2369 Sed
488 2307 605 2371 teneris
627 2307 687 2372 sub
710 2307 832 2371 artibus
855 2325 909 2370 cor
931 2305 1029 2370 senile
1052 2303 1164 2390 gessit3

338 2428 377 2464 555
406 2407 526 2474 Contra
547 2433 666 2476 morem
689 2433 859 2497 puerorum
882 2411 990 2490 tacita,
1014 2410 1122 2494 quieta

405 2513 481 2579 Fuit
504 2520 536 2580 et
558 2517 733 2601 composita
755 2517 893 2601 prudens
916 2519 949 2580 et
971 2516 1116 2580 (lucrata.

250 2732 355 2816 Quod
384 2733 516 2826 Maria,
547 2737 631 2812 oum
651 2737 716 2812 Vll
748 2759 931 2813 annorum
958 2741 1068 2826 esset,
1097 2702 1312 2832 presentata
1341 2736 1403 2804 est

711 2861 750 2933 in
776 2861 928 2957 temple.
1444 2847 1449 2856 ’

406 3043 545 3126 Tempus
568 3044 630 3108 iam
653 3043 789 3109 infantie
811 3043 914 3108 Maria
936 3065 1008 3109 cum
1030 3044 1196 3108 transisset

407 3149 451 3213 Et
473 3171 629 3213 annorum
651 3151 790 3234 spatium
813 3155 933 3234 septem
956 3149 1160 3234 implevisset,

287 3301 296 3316 ..
337 3296 341 3305 -
407 3253 531 3318 Ornant
553 3277 621 3318 eam
645 3256 784 3320 vestibus
806 3255 1022 3320 mundissimis
1046 3257 1202 3339 parentes,

341 3377 379 3415 sao
408 3359 575 3423 Pulchrius
598 3363 635 3424 ut
657 3365 807 3444 poterant
828 3362 929 3445 ipsam
952 3361 1129 3437 induentes

408 3463 452 3527 ldt
473 3485 543 3528 eam
564 3466 597 3529 in
620 3464 797 3531 Jerusalem
820 3468 935 3532 iterum
957 3467 1116 3530 duxerunt

407 3567 513 3652 Atque
535 3570 750 3636 sacerdotibus
773 3571 856 3636 hanc
877 3573 1147 3656 presentaverunt.

233 3787 304 3858 ‘De
321 3787 532 3884 Virginibus
560 3792 822 3866 habitantibus
849 3795 957 3864 iuxta
983 3793 1165 3886 templum
1189 3789 1403 3865 Salomonis

458 3915 592 4007 quibus
621 3918 809 3999 associata
836 3923 894 3990 est
921 3917 1025 4008 virgo
1055 3910 1184 3986 Maria.
1274 3981 1281 3996 ,

406 4092 587 4160 Sacerdotes
612 4096 768 4182 virginem
790 4097 899 4162 statim
922 4096 1106 4161 locaverunt

324 4275 328 4280 ¹
406 4199 442 4264 In
467 4201 628 4286 virginum
651 4203 795 4287 collegio,
818 4223 880 4287 que
902 4205 978 4266 tunc
999 4201 1227 4266 habitaverunt

814 4343 832 4386 t*

320 4427 370 4483 537
391 4427 417 4479 ll
437 4441 533 4484 amare
551 4429 618 4484 cast.
