3080 4938
696 384 736 450 21

138 551 341 618 Neitharts¹
373 559 405 620 et
438 556 671 648 descendebant
704 564 779 624 aute
809 564 934 644 portam
957 564 1084 630 leonum
1118 590 1219 654 usque
1253 571 1292 636 ad

139 659 301 738 Blauium,
326 661 381 744 qui
404 667 513 745 postea
538 664 621 728 vices
644 663 757 729 fossati
779 666 880 750 gessit
911 689 1009 752 usque
1039 671 1072 736 in
1096 671 1289 740 Danubium.

140 763 179 829 In
203 765 461 831 circumferentia
485 769 593 852 oppidi
616 775 708 835 erant
730 773 883 838 suburbia
904 774 937 838 in
962 776 1077 859 quibus
1095 780 1293 846 tumultuosa

140 870 373 948 tractabantur,
398 871 549 955 oppidum
564 895 639 939 vero
656 875 798 958 quietum
815 877 1034 945 habitaculum
1050 887 1120 946 erat
1135 885 1292 950 nobilium

139 979 173 1039 et
205 975 352 1040 divitum.
407 975 491 1041 Nam
525 983 616 1043 extra
649 985 776 1064 portam
812 983 997 1049 orientalem
1032 985 1196 1053 Balistarii
1223 995 1292 1055 erat

122 1079 300 1164 ¹hospitale
322 1079 379 1146 ubi
411 1104 496 1147 nunc
518 1087 567 1148 ert
598 1087 755 1169 (quamvis
786 1091 861 1152 ante
887 1109 990 1155 avum
1021 1095 1166 1156 nostrum
1195 1093 1293 1158 fuerit

141 1186 199 1250 ubi
220 1184 315 1251 hodie
338 1191 431 1271 porta
455 1187 591 1273 Gtglis³
615 1196 663 1256 est
686 1196 722 1255 ut
744 1193 870 1279 antiqui
893 1195 1012 1274 dicunt,
1037 1200 1069 1260 et
1084 1195 1292 1264 fundamenta

140 1313 226 1356 anno
249 1293 411 1376 praeterito
434 1294 566 1359 fuerunt
589 1300 723 1380 reperta,
748 1299 875 1382 quando
898 1299 1054 1365 aedificata
1079 1301 1142 1366 fuit
1156 1303 1292 1368 munitio

139 1395 309 1482 pectoralis
332 1403 406 1464 ante
429 1404 555 1484 portam
579 1399 850 1488 Gbgglinganscm
865 1403 902 1490 ⁸).
948 1404 1009 1470 Per
1032 1407 1162 1472 eandem
1195 1408 1292 1472 etiam

141 1507 268 1586 portam
291 1509 361 1570 erat
383 1504 487 1570 exitus
509 1505 542 1569 in
567 1505 730 1572 ecclesiam
745 1507 959 1592 parochialem
979 1509 1019 1574 ad
1035 1531 1144 1575 omnes
1160 1509 1292 1578 Sanctos

139 1611 173 1673 et
194 1608 235 1672 ad
257 1607 446 1692 sepulturas.
492 1608 577 1674 Nam
599 1609 751 1694 parochia
773 1611 864 1676 nulla
879 1617 948 1677 erat
963 1613 997 1678 in
1013 1615 1139 1698 oppido,
1163 1639 1203 1682 ne
1219 1619 1291 1701 pul·

138 1735 187 1793 su,
209 1717 324 1792 cantu,
348 1735 518 1794 concursu,
554 1715 725 1798 sepulturis
748 1717 900 1800 oppidum
923 1717 1175 1803 inquietaretur,
1210 1722 1293 1788 sicut

140 1819 235 1884 hodie
257 1823 307 1884 est
329 1819 364 1884 in
387 1843 483 1905 quam
505 1820 651 1904 pluribus
673 1821 857 1886 civitatibus
881 1821 1021 1902 Graecias,
1046 1823 1149 1890 ltaliae
1166 1831 1199 1890 et
1213 1826 1292 1891 Dal-

139 1925 259 1990 matiae.
306 1923 439 2010 Insuper
461 1948 519 2009 per
534 1927 665 1992 candem
680 1932 803 2011 portam
822 1926 908 1998 ultra
930 1928 1090 2012 hospitale
1113 1935 1182 1995 erat
1198 1954 1293 2015 super

140 2031 234 2096 littus
259 2031 398 2096 Danubii
422 2031 588 2095 descensus
612 2053 711 2116 usque
734 2033 774 2097 ad
792 2036 921 2118 pontem
938 2032 1079 2098 Danubii
1102 2034 1157 2118 qui
1179 2057 1292 2119 parum

140 2135 228 2200 infra
258 2135 416 2221 hospitale
440 2139 526 2214 erat,
558 2157 615 2220 per
647 2159 741 2221 quem
772 2139 961 2204 decivitate
993 2138 1085 2203 ibant
1116 2139 1150 2202 in
1182 2140 1292 2205 villam

140 2239 425 2320 Schweiclrholen,
459 2240 493 2304 in
526 2263 590 2324 qua
613 2242 716 2306 omnis
744 2243 901 2308 tumultus
932 2244 1021 2328 quasi
1043 2244 1145 2309 civilis
1167 2243 1292 2328 inquie-

142 2345 265 2410 tudinis
298 2349 381 2422 erat,
412 2345 458 2409 ibi
498 2345 665 2411 alebantur
698 2347 814 2412 civium
848 2348 979 2427 hestiae,
1015 2353 1048 2414 et
1078 2349 1203 2429 rustici,
1237 2345 1291 2434 qui

140 2458 260 2516 terram
285 2473 341 2536 per
363 2450 530 2516 circuitum
554 2451 693 2516 civitatis
716 2452 868 2518 ulmensis
891 2453 1116 2538 operabantur,
1140 2454 1221 2520 inibi
1242 2477 1292 2520 re·

138 2557 296 2634 sidebant,
320 2559 353 2620 et
379 2555 484 2622 forum
518 2557 746 2624 hebdomadale
777 2564 809 2624 et
838 2559 1006 2624 macellum
1035 2560 1080 2625 ihi
1114 2565 1225 2639 eraut,
1260 2564 1292 2624 et

138 2662 291 2746 hospitia,
314 2661 380 2726 coci
403 2667 436 2726 et
454 2662 595 2727 tabernae
617 2663 663 2727 ibi
679 2661 889 2728 habebantur.
935 2663 1216 2750 Augmentabatur
1232 2687 1290 2728 au-

139 2773 206 2832 tem
230 2765 307 2832 villa
328 2765 385 2831 illa
406 2766 440 2831 in
463 2766 546 2845 dies,
578 2767 727 2831 etmulti
750 2769 860 2833 rustici
883 2769 1041 2834 derelictis
1071 2770 1198 2834 sedibus
1222 2769 1288 2833 suis

139 2872 302 2938 domicilia
324 2873 361 2937 de
385 2871 469 2936 villis
489 2872 523 2936 in
552 2893 621 2936 sam
644 2873 897 2950 transferebant;
930 2873 1036 2940 fuerat
1068 2875 1153 2939 enim
1188 2873 1291 2957 primo

139 2981 268 3042 tantum
291 2977 377 3042 locus
399 2977 599 3042 stabulorum
622 2981 654 3041 et
681 2977 854 3042 bestiarum
878 2983 910 3043 et
932 2977 1119 3044 horreorum
1145 2978 1185 3043 ad
1207 2978 1291 3043 cives

139 3083 299 3148 ulmenses
322 3082 560 3166 pertinentium,
583 3082 635 3146 sed
661 3083 788 3147 tandem
813 3083 888 3146 villa
910 3084 1023 3166 ingens
1046 3083 1092 3146 ibi
1113 3082 1200 3147 facta
1216 3081 1289 3146 fuit.

232 3189 315 3253 Ante
345 3191 470 3271 portam
493 3208 568 3252 vcro
591 3186 731 3252 Leonum
761 3189 858 3253 etiam
888 3187 1076 3253 suburbium
1108 3187 1229 3272 grande
1260 3192 1293 3251 et

139 3292 374 3358 tumultuosum
396 3290 543 3374 hospitiis
575 3295 607 3356 et
637 3292 818 3356 mercantiis
846 3291 892 3357 ibi
914 3297 1001 3370 erat,
1034 3297 1067 3356 et
1096 3291 1292 3356 vendebatur

139 3398 242 3482 panis,
266 3401 297 3461 et
320 3397 477 3461 tumultus
500 3397 694 3481 nuptiarum,
727 3399 945 3464 conviviorum
971 3403 1003 3464 et
1026 3397 1212 3464 chorearum
1245 3397 1291 3462 ibi

138 3503 393 3569 celebrabantur.
440 3501 665 3568 Praecavebant
688 3504 773 3568 enim
796 3505 930 3589 antiqui,
954 3527 993 3569 ne
1016 3503 1213 3568 tumultuosa
1236 3524 1292 3567 ne·

139 3608 231 3694 gotia
252 3612 358 3673 essent
384 3607 417 3671 in
442 3606 642 3686 civitatibus,
665 3613 699 3673 et
727 3609 798 3674 ideo
819 3605 959 3674 fabri'et
981 3630 1089 3674 omnes
1111 3606 1235 3671 malleis
1259 3611 1292 3672 et

139 3713 320 3798 strepitosis
343 3713 563 3777 instrumentis
586 3717 752 3796 operantes
775 3714 808 3778 in
824 3712 985 3778 suburbiis
1001 3717 1101 3788 eraut,
1128 3716 1163 3776 ut
1178 3711 1290 3776 civitas

138 3821 173 3884 in
198 3821 305 3904 quiete
327 3821 419 3882 esset.
466 3817 510 3881 Et
532 3815 597 3881 tale
620 3817 769 3902 oppidum
795 3819 939 3902 quietum
962 3817 1149 3894 eratUlma,
1174 3816 1291 3881 nobili·

140 3926 200 3990 bus
223 3925 311 3988 intus
334 3923 501 4006 repletum,
525 3925 557 3987 et
579 3927 669 3986 extra
692 3945 748 4006 per
765 3944 882 4007 gyrum
897 3922 1102 3987 tumultuosis
1119 3920 1292 4000 suburbiis,

708 4035 725 4072 a

214 4113 381 4168 lNithartz
402 4113 473 4169 Mon.
494 4115 517 4166 2.
554 4112 701 4168 Nietharts
716 4110 836 4166 Schmid.
873 4109 1022 4165 Nietthars
1045 4111 1095 4164 Eh.
1126 4109 1293 4196 bleidtharts

141 4203 226 4260 Woll.
255 4201 476 4258 NeithardGck.
510 4200 748 4257 NeutbartWibl.
780 4197 1040 4266 Naithartslllapp.
1072 4194 1294 4252 NeithartBess.

141 4293 157 4346 2
184 4291 282 4360 Geglis
309 4289 409 4345 Schad.
437 4287 558 4344 Schmid.
588 4287 631 4342 Kl.
674 4285 776 4356 nglill
807 4286 855 4339 rh.
891 4285 987 4354 Goglis
1010 4283 1091 4340 Woll.
1121 4283 1189 4338 Gok.
1220 4283 1294 4337 Bess.

142 4379 216 4436 tlon.
235 4380 260 4432 2.
288 4377 373 4431 Wibl.
450 4379 467 4432 3
492 4376 689 4446 Gtgligensem
709 4374 808 4429 Schad.
837 4374 908 4428 Besa.
953 4371 1149 4441 Gegligcusem
1172 4367 1293 4424 Schmid.

142 4467 191 4524 Eh.
228 4463 468 4537 Gogglingensem
486 4465 571 4521 Wibl.
592 4463 635 4518 Kl.

193 4573 322 4616 'tractatus
337 4571 478 4612 decivitate
493 4569 602 4614 alnensi.
1068 4564 1084 4616 2
