3034 4922
779 305 842 374 184

392 487 513 554 Cuncta
535 486 616 550 sicut
638 485 709 569 pius
731 506 810 569 puer
831 505 893 568 que
914 481 1000 546 volui
1021 480 1134 546 fecisti.

314 612 364 649 ⁶⁴⁶0
391 591 439 657 Ve
459 590 549 669 mihi,
572 589 666 655 modo
688 609 817 674 sepsror
840 609 859 652 e
880 585 1095 652 consolatione

392 695 462 762 Tus
483 701 550 760 tum
570 694 733 769 melliflue,
757 697 876 778 tueque
897 693 1026 758 visione

390 802 513 867 Dilecto
536 800 590 878 mi,
614 821 698 864 nuno
721 798 863 876 moreris,
886 820 937 864 me
958 797 1027 862 solu
1048 797 1206 876 derelicto,

392 905 539 991 Corporis
562 907 594 970 et
616 906 719 970 anime
742 902 903 969 doloribus
927 902 1056 968 efflicte.

392 1009 474 1088 Quia
495 1033 589 1076 senex
611 1010 666 1074 ille
688 1007 819 1093 Joseph,
844 1029 938 1092 quem
959 1007 1039 1072 mihi
1062 1007 1256 1092 provisorem

311 1135 362 1174 sos
390 1115 514 1181 Bonum
538 1115 744 1198 deputaveras
768 1116 800 1178 et
822 1116 1068 1198 procuratorem.

391 1221 450 1287 Ille
473 1241 557 1284 nuno
578 1220 616 1284 de
638 1219 741 1284 medio
764 1241 820 1303 per
842 1222 978 1282 mortem
1000 1221 1048 1282 est
1070 1218 1224 1294 sublatus,

393 1324 443 1389 'lu
465 1345 602 1408 quoque,
624 1323 669 1388 mi
692 1323 879 1402 dulcissime,
903 1321 1019 1406 pendes
1041 1322 1121 1388 neci*
1134 1321 1236 1387 dutus.

394 1428 464 1505 Quo
486 1451 537 1494 me
558 1432 689 1506 vertam,
713 1427 762 1492 rel
786 1427 862 1511 quid
885 1449 988 1514 egem,
1012 1428 1292 1512 penitusignor03

392 1534 480 1618 Ergo
503 1532 703 1598 dilectissime
725 1536 757 1596 te
780 1532 949 1617 deprecans
972 1554 1076 1610 exoro,
1180 1564 1185 1577 ·

313 1655 366 1696 siro
391 1638 438 1706 Ut
459 1659 528 1703 mee
550 1658 634 1700 nunc
654 1636 779 1702 miserie
801 1641 837 1701 tu
860 1638 1046 1716 miserearis,

392 1743 469 1808 Post
491 1747 580 1808 tuum
602 1746 736 1806 mortem
758 1741 864 1806 rivere
885 1763 936 1806 me
958 1763 1022 1806 non
1044 1743 1195 1826 petieris:

393 1847 453 1914 Sed
475 1847 555 1913 mihi
577 1849 671 1922 nimis
693 1849 807 1914 misere
829 1849 961 1914 concede
982 1849 1076 1914 modo
1097 1850 1188 1929 mori,

393 1953 461 2020 Neo
482 1975 532 2020 me
555 1954 640 2018 sines
662 1953 765 2038 megis
789 1975 856 2018 esee
878 1953 1052 2037 expositam
1075 1953 1187 2019 dolori.

392 2057 454 2122 Fili
476 2059 530 2137 mi,
554 2079 573 2121 ο
595 2058 641 2122 fili
663 2058 717 2134 mi,
739 2057 785 2122 fili
806 2058 861 2134 mi,
884 2079 903 2123 o
926 2057 992 2122 fili!

314 2183 365 2220 sos
392 2161 508 2226 Tecum
529 2163 610 2228 mori
633 2163 723 2228 trade
744 2162 834 2241 mihi,
857 2164 897 2227 de
919 2162 998 2228 mihi
1019 2164 1101 2230 mori
1123 2165 1189 2230 fili!

391 2265 438 2330 Ve
459 2267 538 2332 mihi
561 2267 599 2332 de
621 2267 801 2334 dulcissimo
823 2269 1027 2354 piissimoque
1049 2273 1135 2348 neto,

391 2371 470 2438 Cum
492 2372 657 2438 tormentis
679 2373 776 2438 variis
798 2374 967 2440 crudeliter
988 2377 1117 2440 neceto!

390 2475 448 2554 Ve,
472 2499 509 2541 ve
530 2477 610 2542 mihi
631 2477 754 2554 misere,
778 2477 816 2542 de
837 2477 904 2543 filio
926 2479 1040 2544 dilecto

390 2579 504 2646 Coram
527 2603 576 2647 me
598 2581 776 2648 crudelibus
798 2604 883 2648 nunc
903 2584 993 2668 penis
1015 2585 1201 2651 interfecto!

313 2706 364 2743 uso
392 2684 439 2750 Ve
461 2685 550 2762 mihi,
573 2709 611 2750 ve
633 2686 670 2751 de
692 2708 789 2770 puero
811 2709 881 2753 meo
903 2689 948 2753 sie
970 2689 1081 2768 occiso,

390 2789 483 2856 Novo
506 2811 578 2854 cum
600 2791 754 2874 supplicio
776 2813 939 2877 nunquem
962 2797 1036 2860 ente
1058 2795 1144 2862 viso!

390 2893 417 2959 0
440 2894 485 2958 mi
507 2895 678 2981 unigenite,
702 2919 721 2962 0
742 2897 789 2962 fili
812 2899 963 2982 graciose,

391 2997 490 3066 Unice
511 3000 632 3076 metris,
656 3001 747 3066 unice
768 3002 813 3066 mi
835 3006 909 3068 nete
933 3003 1089 3087 speciose3

390 3102 417 3168 Ο
440 3105 543 3188 proles
566 3105 792 3180 amentissime,
816 3129 835 3171 o
858 3129 935 3191 puer
959 3131 1110 3188 smorose,

312 3228 365 3266 κει
391 3207 418 3274 Ο
440 3209 503 3274 mei
524 3231 653 3294 germen
676 3209 768 3288 uteri,
791 3231 810 3274 o
832 3214 922 3294 peter
943 3211 1100 3297 gloriose!

390 3312 462 3379 Cito
483 3313 543 3393 lec,
566 3314 650 3400 quod
672 3314 855 3398 promisisti,
879 3317 1002 3402 meique
1025 3320 1200 3410 recordere,

389 3419 504 3505 Meque
525 3420 619 3486 nimis
641 3420 817 3486 desolatum
838 3421 901 3486 cito
923 3423 1086 3490 consolare

391 3522 450 3589 Per
472 3525 519 3588 tui
543 3526 622 3589 seori
645 3525 785 3609 corporis
807 3529 1077 3608 resurrectionem,

390 3629 434 3693 Et
456 3633 510 3694 tue
532 3630 634 3695 cernis
657 3635 782 3698 mortue
803 3633 1092 3710 resuscitationem

312 3751 363 3788 ⁶⁴0⁰
388 3730 472 3798 Nem
494 3735 520 3800 si
544 3735 780 3800 resurrectionis
803 3759 853 3802 me
874 3761 945 3822 spes
967 3761 1031 3805 non
1053 3746 1256 3820 sustentaret,

388 3836 488 3902 Dolor
509 3861 596 3904 meus
620 3841 776 3906 maximus
797 3865 848 3908 me
870 3845 986 3910 centies
1008 3853 1162 3913 necaret«

389 3941 456 4007 Hec
478 3943 581 4008 ethis
604 3945 720 4010 similis
742 3948 878 4031 protulit
901 3949 1012 4030 Meris,

388 4045 466 4114 Cum
489 4047 592 4114 luctus
614 4051 802 4118 misserabili
825 4055 979 4140 plangens
1002 4057 1093 4142 virgo
1116 4060 1177 4144 pis,
