2996 4924
773 347 816 418 74

377 529 569 607 Crediderat,
591 527 742 594 docuerat
762 527 800 592 de
821 525 1028 591 coetemitate

379 636 494 714 Patris,
518 634 605 699 verbi
628 633 758 718 spiritus
781 634 814 696 in
838 654 902 696 una
924 632 1060 714 deitate3

380 744 486 825 Atque
507 738 605 802 trium
628 758 832 821 personarum
855 757 928 800 cum
951 757 1032 820 equa
1053 735 1219 799 maiestate

304 863 355 902 ποῶ
382 843 493 908 Trium
516 863 626 922 unum,
650 863 748 906 uuum
770 841 868 907 trium
890 862 962 906 cum
985 839 1055 925 pari
1075 842 1244 925 potestate.

224 1143 328 1227 Quod
355 1144 496 1240 doseph
537 1145 666 1219 eduxit
700 1145 858 1218 Mariam
899 1143 944 1216 de
978 1143 1182 1216 diversorio
1216 1139 1255 1211 in
1293 1160 1370 1232 quo

592 1270 705 1340 uatus
732 1269 790 1340 est
816 1266 998 1340 christus.

378 1474 498 1559 Joseph
521 1475 571 1539 die
592 1475 688 1539 tertia
711 1496 783 1539 cum
804 1473 908 1539 Maria
929 1474 1046 1538 transit

379 1580 429 1642 Ad
452 1579 538 1643 aliud
561 1579 735 1664 hospitium
758 1583 790 1644 et
813 1578 1000 1644 Bethlehem
1023 1579 1186 1644 remansit.

378 1683 482 1748 Maria
504 1681 596 1748 suum'
618 1705 751 1768 puerum
773 1683 895 1748 lactans
918 1685 1080 1749 nutriebat

381 1788 545 1854 Fomentis
568 1794 664 1874 atqua
686 1790 808 1855 balneis
829 1793 867 1854 ut
889 1790 994 1855 decuit
1015 1789 1153 1855 fovebat.

301 1912 355 1950 roso
382 1893 466 1959 Puer
487 1894 540 1959 hic
561 1899 599 1959 ut
620 1896 717 1960 moris
739 1899 788 1960 ast
810 1895 997 1980 quandoque
1017 1895 1176 1980 vagiebat,

381 1999 562 2064 Humanam
586 2005 733 2066 naturam
756 2021 890 2084 sequens
912 2000 1060 2084 plorabat
1081 2004 1178 2084 atque
1199 1998 1298 2064 flebat

379 2105 529 2170 Defectus
551 2111 662 2170 tenens
684 2105 764 2170 alios
786 2106 853 2170 eius
875 2109 913 2170 ut
934 2105 1083 2170 maiestas

379 2209 506 2274 Lateret
528 2232 547 2274 a
569 2209 695 2274 diabolo
717 2209 886 2295 divinaque
909 2213 1059 2293 potestas.

379 2313 415 2379 ln
439 2315 560 2380 cunctis
581 2319 687 2380 tamen
710 2317 778 2399 ipse
800 2314 864 2379 luit
884 2316 1045 2380 modestus
1068 2318 1100 2380 et
1122 2314 1257 2399 quietus,

301 2436 352 2474 ²⁰⁶⁶
379 2418 453 2484 Non
476 2423 513 2484 ut
534 2419 646 2484 modus
668 2423 717 2484 est
738 2421 913 2484 communis
935 2421 1112 2485 infantibus
1134 2422 1319 2490 constratum

378 2523 452 2589 Non
475 2525 634 2608 frequens,
657 2545 720 2588 non
743 2525 923 2608 impatiens,
945 2547 1009 2589 nou
1026 2525 1150 2590 feruens
1164 2524 1199 2588 in
1214 2523 1371 2609 sugendo,

380 2626 453 2693 Non
468 2629 678 2713 importunus,
694 2651 758 2694 nou
774 2629 923 2707 clamans,
939 2651 1003 2694 uon
1020 2631 1155 2694 stridens
1170 2631 1204 2693 in
1218 2628 1370 2714 lugendo,

380 2732 477 2798 Suam
499 2754 539 2797 ne
561 2733 776 2798 dulcissimam
797 2737 931 2799 matrem
956 2735 1167 2818 perturbaret,

379 2835 439 2902 Vel
462 2837 581 2902 vicinos
604 2838 729 2923 aliquos
750 2839 796 2905 sio
817 2838 1018 2926 inquietaret

549 3160 602 3233 De
629 3160 908 3234 circumcisione
936 3159 1039 3232 Jesu.

302 3387 352 3425 rosc
381 3369 500 3434 Octavo
522 3369 572 3435 die
596 3391 672 3454 puer
694 3369 787 3434 Jesue
810 3368 1102 3447 circumcidebatur,

378 3474 426 3540 Ut
448 3476 579 3559 augelus
602 3477 781 3560 predixerat
803 3473 896 3540 Jesus
920 3474 1106 3558 appellatur.

379 3579 504 3646 Nomen
527 3581 610 3645 dulci
633 3580 721 3664 pueri
744 3577 838 3644 Jesus
862 3581 911 3643 est
932 3581 1089 3654 vocatum,

379 3685 468 3763 Quod
492 3686 597 3752 fuerat
619 3685 659 3750 ab
682 3683 796 3770 angelo
817 3683 914 3750 matri
937 3681 1130 3747 nuntiatum.

401 4007 454 4078 De
482 4005 646 4076 adventu
674 4025 870 4098 magorum
899 4005 937 4074 in
964 4003 1186 4076 Jerusalem.

379 4213 457 4278 Post
478 4214 561 4277 diem
584 4217 690 4277 autem
712 4213 861 4278 tredecim
882 4219 946 4278 tres
969 4213 1009 4277 ab
1032 4213 1153 4277 oriente

302 4339 353 4378 2⁰⁶⁶
381 4319 483 4404 Reges
506 4320 539 4383 iu
562 4318 741 4384 Jerusalem
763 4321 856 4385 stella
877 4319 1068 4404 producente

380 4425 595 4506 Advenerunt,
618 4423 658 4490 ab
682 4423 807 4491 Herode
830 4444 904 4512 rege
926 4422 1121 4511 requirentes
