3072 4936
796 331 858 398 148

251 505 371 570 debent
393 510 425 571 ct
447 507 532 570 inter
555 527 589 570 se
611 505 765 572 intestina
786 506 871 570 bella
886 507 1098 587 concitabant,
1122 508 1229 594 sicque
1252 509 1287 572 in
1311 509 1398 573 deso·

251 609 403 676 lationem
433 611 534 676 ibant.
566 633 637 695 quae
669 611 776 676 omnia
807 610 891 676 bells
920 612 987 677 fieri
1024 612 1204 696 prohibent.
1251 613 1400 689 Quamvis

251 717 336 779 eninr
360 717 526 782 Ulmenses
558 717 622 780 iam
654 716 692 781 ad
724 716 831 799 plures
854 739 954 781 annos
988 719 1094 782 vexati
1116 717 1236 783 fuerint
1259 741 1316 803 per
1339 717 1401 782 Ba·

250 843 358 900 νατοε,
391 826 424 886 et
445 845 510 886 suae
534 821 686 906 potentiae
710 821 851 905 aliquam
874 823 1028 886 iacturam
1051 823 1263 887 sustinuerint
1284 824 1403 888 multa·

251 947 312 1008 que
334 926 450 990 demna
473 926 682 1009 pertulerint,
705 949 869 1011 nunquam
890 931 998 993 tamen
1022 927 1085 992 fuit
1106 929 1218 993 civitas
1243 927 1401 994 Ulmensis

241 1032 432 1118 ‚opulentior
454 1033 594 1112 divitiis,
618 1031 775 1118 copiosior
798 1034 943 1118 populis,
967 1034 1117 1099 audacior
1139 1033 1265 1113 animis,
1289 1033 1401 1098 fortior

252 1139 359 1218 armis,
382 1139 536 1204 munitior
549 1141 659 1218 muria,
683 1141 822 1204 securior
845 1140 1021 1218 adiutoriis,
1044 1140 1168 1204 felicior
1191 1140 1311 1218 amicis,
1335 1141 1400 1204 for·
1517 1147 1518 1158 ¹

249 1243 431 1307 midabilior
454 1245 659 1324 adversariis,
689 1245 923 1308 intolerabilior
945 1244 1055 1323 malis,
1086 1242 1231 1308 dilectior
1254 1245 1400 1308 omnibus

251 1345 362 1412 Suevis
394 1349 556 1412 nobilibus
588 1353 621 1412 et
645 1348 777 1432 plebeiis
812 1355 845 1412 ct
864 1350 976 1433 petriae
999 1350 1119 1428 totiuS,
1154 1371 1192 1412 ac
1213 1350 1347 1432 imperio
1369 1353 1401 1412 et

168 1467 197 1534 ,ῤ’
222 1478 243 1534 ¹0,
252 1453 450 1536 principibus
466 1454 668 1534 necessarior,
693 1477 790 1538 quam
805 1454 866 1518 hoc
888 1461 1029 1539 ternpore
1045 1477 1129 1519 anno
1146 1456 1265 1520 domini
1284 1456 1367 1520 1489
1381 1457 1401 1520 ¹.
1454 1533 1459 1540 ,

253 1556 350 1622 ²Nisi
374 1559 459 1624 enim
482 1559 649 1625 Ulmenses
673 1561 826 1640 fuissent,
850 1583 934 1624 anno
956 1561 1118 1644 praeterito
1141 1565 1210 1624 tota
1233 1559 1350 1625 Sueria
1372 1565 1404 1624 et

250 1663 364 1728 ducum
389 1665 529 1728 Austriae
559 1669 646 1730 terra
675 1667 760 1730 iuter
782 1663 901 1730 Suevos
933 1665 983 1728 vel
1005 1663 1117 1730 Sueris
1140 1665 1244 1729 vicine
1267 1665 1299 1728 in
1325 1665 1404 1729 slie-

249 1791 363 1833 norum
378 1773 588 1853 tyrannorum
603 1793 716 1836 manus
740 1771 869 1852 vendita
891 1773 923 1834 et
938 1770 1058 1834 tradita
1080 1792 1164 1834 nunc
1179 1773 1270 1834 osset
1319 1767 1405 1844 Quid

249 1878 355 1938 autern
387 1875 497 1940 futura
520 1876 654 1940 afferent
683 1882 845 1960 tempora,
876 1876 967 1940 nouit
996 1879 1176 1958 temporum
1198 1874 1406 1958 siderumque

248 1980 403 2060 conditor,
428 1985 460 2046 et
482 1981 640 2046 chronicae
663 1979 838 2046 scribendae
860 1981 1046 2044 edocebunt.

817 2098 834 2138 s

321 2182 329 2231 l
354 2181 406 2233 Aur
426 2179 534 2250 ansang
552 2184 601 2237 des
620 2179 777 2251 principale
797 2181 838 2234 ΙΙΙ
856 2197 917 2251 cup.
935 2182 952 2234 2
971 2183 1002 2248 (s.
1016 2181 1061 2244 42)
1081 2179 1190 2234 schrieb
1202 2179 1231 2233 Il.
1252 2179 1297 2234 R:
1318 2197 1407 2250 nsque

248 2267 284 2321 nd
298 2285 404 2320 sunum
415 2271 581 2338 praesentem
596 2269 672 2323 1488.
696 2269 797 2324 Unsere
810 2268 899 2331 stelle,
914 2269 965 2323 hoc
975 2271 1100 2336 tempore
1113 2284 1188 2322 anno
1201 2266 1309 2322 domini
1328 2268 1406 2330 1489,

247 2357 286 2409 iet
305 2356 364 2412 also
383 2355 428 2410 ein
444 2356 511 2425 jahr
530 2359 624 2427 sptter
643 2357 830 2425 geschrieben.
869 2356 894 2411 S.
910 2357 979 2412 euch
999 2356 1154 2426 principale
1174 2356 1221 2410 Vl.
1240 2375 1302 2426 cap.
1322 2359 1339 2411 9
1359 2375 1407 2411 arn

248 2444 326 2508 ende,
344 2461 387 2498 wo
405 2443 544 2498 ehenfalls
564 2443 631 2499 1489
652 2445 694 2498 als
713 2461 803 2499 annue
822 2461 952 2515 praesens
973 2447 1100 2514 genennt
1119 2445 1166 2498 ist.
1227 2445 1244 2498 2
1262 2443 1327 2498 Nisi
1346 2487 1353 2500 .
1372 2485 1379 2496 .
1399 2484 1406 2497 .

248 2533 330 2584 esset.
367 2531 447 2586 Diese
464 2532 546 2586 stelle
564 2532 658 2586 citiert
671 2533 718 2586 ch.
732 2533 760 2587 F.
775 2551 828 2589 von
844 2532 946 2596 Stelin,
958 2531 1226 2602 wirtembergische
1238 2532 1407 2588 Gcschichte

248 2619 289 2674 th.
308 2618 355 2684 Ill,
375 2637 396 2674 s.
416 2621 475 2673 628.
