<?xml version="1.0" encoding="UTF-8"?>
<!DOCTYPE html PUBLIC "-//W3C//DTD XHTML 1.0 Transitional//EN"
    "http://www.w3.org/TR/xhtml1/DTD/xhtml1-transitional.dtd">
<html xmlns="http://www.w3.org/1999/xhtml" xml:lang="en" lang="en">
 <head>
  <title>
</title>
<meta http-equiv="Content-Type" content="text/html;charset=utf-8" />
  <meta name='ocr-system' content='tesseract 3.04.00' />
  <meta name='ocr-capabilities' content='ocr_page ocr_carea ocr_par ocr_line ocrx_word'/>
</head>
<body>
  <div class='ocr_page' id='page_1' title='image "./vitabeatevirgin01vggoog_0605.png"; bbox 0 0 3072 4936; ppageno 0'>
   <div class='ocr_carea' id='block_1_1' title="bbox 703 369 762 436">
    <p class='ocr_par' dir='ltr' id='par_1_1' title="bbox 703 369 762 436">
     <span class='ocr_line' id='line_1_1' title="bbox 703 369 762 436; baseline 0 0"><span class='ocrx_word' id='word_1_1' title='bbox 703 369 762 436; x_wconf 88' lang='lat'><strong>141</strong></span> 
     </span>
    </p>
   </div>
   <div class='ocr_carea' id='block_1_2' title="bbox 62 545 1411 3677">
    <p class='ocr_par' dir='ltr' id='par_1_2' title="bbox 132 545 1411 2846">
     <span class='ocr_line' id='line_1_2' title="bbox 153 545 1306 632; baseline -0.002 -18"><span class='ocrx_word' id='word_1_2' title='bbox 153 550 377 614; x_wconf 88' lang='lat' dir='ltr'><strong>cumducentes</strong></span> <span class='ocrx_word' id='word_1_3' title='bbox 393 569 450 632; x_wconf 88' lang='lat' dir='ltr'><strong>per</strong></span> <span class='ocrx_word' id='word_1_4' title='bbox 464 545 595 626; x_wconf 87' lang='lat' dir='ltr'><strong>fossata,</strong></span> <span class='ocrx_word' id='word_1_5' title='bbox 621 551 654 612; x_wconf 91' lang='lat' dir='ltr'><strong>et</strong></span> <span class='ocrx_word' id='word_1_6' title='bbox 669 548 721 614; x_wconf 91' lang='lat' dir='ltr'><strong>hic</strong></span> <span class='ocrx_word' id='word_1_7' title='bbox 737 547 828 614; x_wconf 89' lang='lat' dir='ltr'><strong>labor</strong></span> <span class='ocrx_word' id='word_1_8' title='bbox 843 546 1004 613; x_wconf 81' lang='lat' dir='ltr'><strong>sufficiens</strong></span> <span class='ocrx_word' id='word_1_9' title='bbox 1020 569 1078 630; x_wconf 89' lang='lat' dir='ltr'><strong>pro</strong></span> <span class='ocrx_word' id='word_1_10' title='bbox 1093 568 1157 610; x_wconf 90' lang='lat' dir='ltr'><strong>una</strong></span> <span class='ocrx_word' id='word_1_11' title='bbox 1172 568 1306 632; x_wconf 89' lang='lat' dir='ltr'><strong>genera-</strong></span> 
     </span>
     <span class='ocr_line' id='line_1_3' title="bbox 153 651 1307 739; baseline -0.002 -20"><span class='ocrx_word' id='word_1_12' title='bbox 153 655 243 720; x_wconf 90' lang='lat' dir='ltr'><strong>tione</strong></span> <span class='ocrx_word' id='word_1_13' title='bbox 266 655 388 720; x_wconf 86' lang='lat' dir='ltr'><strong>fuisset.</strong></span> <span class='ocrx_word' id='word_1_14' title='bbox 428 653 538 718; x_wconf 91' lang='lat' dir='ltr'><strong>dicunt</strong></span> <span class='ocrx_word' id='word_1_15' title='bbox 560 657 667 719; x_wconf 89' lang='lat' dir='ltr'><strong>autem</strong></span> <span class='ocrx_word' id='word_1_16' title='bbox 691 655 831 739; x_wconf 79' lang='lat' dir='ltr'>antiqui,</span> <span class='ocrx_word' id='word_1_17' title='bbox 856 653 940 738; x_wconf 91' lang='lat' dir='ltr'><strong>quod</strong></span> <span class='ocrx_word' id='word_1_18' title='bbox 962 651 1224 718; x_wconf 69' lang='lat' dir='ltr'><strong>festinantissime</strong></span> <span class='ocrx_word' id='word_1_19' title='bbox 1246 652 1307 717; x_wconf 91' lang='lat' dir='ltr'><strong>hoc</strong></span> 
     </span>
     <span class='ocr_line' id='line_1_4' title="bbox 156 757 1307 845; baseline -0.001 -21"><span class='ocrx_word' id='word_1_20' title='bbox 156 760 324 845; x_wconf 74' lang='lat' dir='ltr'>agebatur,</span> <span class='ocrx_word' id='word_1_21' title='bbox 347 763 380 824; x_wconf 93' lang='lat' dir='ltr'><strong>et</strong></span> <span class='ocrx_word' id='word_1_22' title='bbox 402 781 510 824; x_wconf 89' lang='lat' dir='ltr'><strong>omnes</strong></span> <span class='ocrx_word' id='word_1_23' title='bbox 535 758 618 824; x_wconf 84' lang='lat' dir='ltr'><strong>cives</strong></span> <span class='ocrx_word' id='word_1_24' title='bbox 642 760 764 826; x_wconf 91' lang='lat' dir='ltr'><strong>nobiles</strong></span> <span class='ocrx_word' id='word_1_25' title='bbox 785 763 818 825; x_wconf 89' lang='lat' dir='ltr'><strong>et</strong></span> <span class='ocrx_word' id='word_1_26' title='bbox 839 759 1007 845; x_wconf 80' lang='lat' dir='ltr'><strong>ignobiles,</strong></span> <span class='ocrx_word' id='word_1_27' title='bbox 1033 758 1146 823; x_wconf 85' lang='lat' dir='ltr'><strong>viriet</strong></span> <span class='ocrx_word' id='word_1_28' title='bbox 1168 757 1307 824; x_wconf 75' lang='lat' dir='ltr'><strong>foeminae</strong></span> 
     </span>
     <span class='ocr_line' id='line_1_5' title="bbox 155 863 1305 949; baseline -0.002 -19"><span class='ocrx_word' id='word_1_29' title='bbox 155 865 246 949; x_wconf 88' lang='lat' dir='ltr'><strong>operi</strong></span> <span class='ocrx_word' id='word_1_30' title='bbox 257 864 430 944; x_wconf 78' lang='lat' dir='ltr'><strong>instabant,</strong></span> <span class='ocrx_word' id='word_1_31' title='bbox 444 865 519 948; x_wconf 88' lang='lat' dir='ltr'><strong>quia</strong></span> <span class='ocrx_word' id='word_1_32' title='bbox 530 865 698 930; x_wconf 83' lang='lat' dir='ltr'><strong>necessitas</strong></span> <span class='ocrx_word' id='word_1_33' title='bbox 709 865 910 931; x_wconf 85' lang='lat' dir='ltr'><strong>vehementer</strong></span> <span class='ocrx_word' id='word_1_34' title='bbox 917 863 1063 948; x_wconf 89' lang='lat' dir='ltr'><strong>urgebat,</strong></span> <span class='ocrx_word' id='word_1_35' title='bbox 1079 863 1161 928; x_wconf 83' lang='lat' dir='ltr'><strong>riout</strong></span> <span class='ocrx_word' id='word_1_36' title='bbox 1173 863 1305 947; x_wconf 87' lang='lat' dir='ltr'><strong>patebit.</strong></span> 
     </span>
     <span class='ocr_line' id='line_1_6' title="bbox 244 967 1307 1054; baseline -0.003 -20"><span class='ocrx_word' id='word_1_37' title='bbox 244 968 343 1034; x_wconf 85' lang='lat' dir='ltr'><strong>Aliud</strong></span> <span class='ocrx_word' id='word_1_38' title='bbox 358 991 437 1054; x_wconf 91' lang='lat' dir='ltr'><strong>opus</strong></span> <span class='ocrx_word' id='word_1_39' title='bbox 446 969 567 1053; x_wconf 86' lang='lat' dir='ltr'><strong>pariter</strong></span> <span class='ocrx_word' id='word_1_40' title='bbox 582 991 654 1035; x_wconf 89' lang='lat' dir='ltr'><strong>cum</strong></span> <span class='ocrx_word' id='word_1_41' title='bbox 668 971 730 1036; x_wconf 90' lang='lat' dir='ltr'><strong>isto</strong></span> <span class='ocrx_word' id='word_1_42' title='bbox 743 970 926 1035; x_wconf 84' lang='lat' dir='ltr'><strong>inchoatum</strong></span> <span class='ocrx_word' id='word_1_43' title='bbox 942 968 1016 1049; x_wconf 79' lang='lat' dir='ltr'><strong>fuit,</strong></span> <span class='ocrx_word' id='word_1_44' title='bbox 1031 967 1175 1053; x_wconf 79' lang='lat' dir='ltr'><strong>proiecto</strong></span> <span class='ocrx_word' id='word_1_45' title='bbox 1186 968 1307 1053; x_wconf 86' lang='lat' dir='ltr'><strong>grande</strong></span> 
     </span>
     <span class='ocr_line' id='line_1_7' title="bbox 154 1073 1307 1160; baseline 0 -22"><span class='ocrx_word' id='word_1_46' title='bbox 154 1079 190 1138; x_wconf 90' lang='lat' dir='ltr'><strong>et</strong></span> <span class='ocrx_word' id='word_1_47' title='bbox 212 1074 426 1159; x_wconf 86' lang='lat' dir='ltr'><strong>magnificum.</strong></span> <span class='ocrx_word' id='word_1_48' title='bbox 464 1076 540 1160; x_wconf 90' lang='lat' dir='ltr'><strong>quia</strong></span> <span class='ocrx_word' id='word_1_49' title='bbox 568 1076 652 1141; x_wconf 90' lang='lat' dir='ltr'><strong>enim</strong></span> <span class='ocrx_word' id='word_1_50' title='bbox 685 1077 798 1141; x_wconf 91' lang='lat' dir='ltr'><strong>timore</strong></span> <span class='ocrx_word' id='word_1_51' title='bbox 830 1075 1004 1141; x_wconf 83' lang='lat' dir='ltr'><strong>obsidionis</strong></span> <span class='ocrx_word' id='word_1_52' title='bbox 1035 1073 1174 1139; x_wconf 84' lang='lat' dir='ltr'><strong>civitatis</strong></span> <span class='ocrx_word' id='word_1_53' title='bbox 1206 1074 1307 1138; x_wconf 90' lang='lat' dir='ltr'><strong>coacti</strong></span> 
     </span>
     <span class='ocr_line' id='line_1_8' title="bbox 155 1177 1403 1266; baseline 0.001 -23"><span class='ocrx_word' id='word_1_54' title='bbox 155 1179 268 1244; x_wconf 88' lang='lat' dir='ltr'><strong>urbem</strong></span> <span class='ocrx_word' id='word_1_55' title='bbox 289 1180 489 1260; x_wconf 89' lang='lat' dir='ltr'><strong>munierunt,</strong></span> <span class='ocrx_word' id='word_1_56' title='bbox 524 1181 626 1266; x_wconf 85' lang='lat' dir='ltr'><strong>ipsam</strong></span> <span class='ocrx_word' id='word_1_57' title='bbox 658 1181 754 1246; x_wconf 88' lang='lat' dir='ltr'><strong>etiam</strong></span> <span class='ocrx_word' id='word_1_58' title='bbox 777 1203 868 1246; x_wconf 92' lang='lat' dir='ltr'><strong>suam</strong></span> <span class='ocrx_word' id='word_1_59' title='bbox 897 1179 1058 1246; x_wconf 83' lang='lat' dir='ltr'><strong>ecclesiam</strong></span> <span class='ocrx_word' id='word_1_60' title='bbox 1083 1177 1305 1264; x_wconf 87' lang='lat' dir='ltr'><strong>parochialem,</strong></span> <span class='ocrx_word' id='word_1_61' title='bbox 1315 1179 1403 1258; x_wconf 62' lang='lat'><strong>,2⁰,‘¹,·„</strong></span> 
     </span>
     <span class='ocr_line' id='line_1_9' title="bbox 132 1281 1308 1367; baseline 0.002 -21"><span class='ocrx_word' id='word_1_62' title='bbox 132 1330 135 1334; x_wconf 83' lang='lat'><em>-</em></span> <span class='ocrx_word' id='word_1_63' title='bbox 155 1303 228 1367; x_wconf 83' lang='lat' dir='ltr'><strong>quae</strong></span> <span class='ocrx_word' id='word_1_64' title='bbox 243 1286 332 1348; x_wconf 87' lang='lat' dir='ltr'><strong>extra</strong></span> <span class='ocrx_word' id='word_1_65' title='bbox 348 1281 459 1349; x_wconf 89' lang='lat' dir='ltr'><strong>urbem</strong></span> <span class='ocrx_word' id='word_1_66' title='bbox 476 1289 554 1364; x_wconf 88' lang='lat' dir='ltr'><strong>erat,</strong></span> <span class='ocrx_word' id='word_1_67' title='bbox 577 1285 666 1349; x_wconf 88' lang='lat' dir='ltr'><strong>intus</strong></span> <span class='ocrx_word' id='word_1_68' title='bbox 681 1285 926 1362; x_wconf 90' lang='lat' dir='ltr'><strong>transtulerunt,</strong></span> <span class='ocrx_word' id='word_1_69' title='bbox 952 1289 988 1349; x_wconf 90' lang='lat' dir='ltr'><strong>ut</strong></span> <span class='ocrx_word' id='word_1_70' title='bbox 1004 1285 1105 1350; x_wconf 89' lang='lat' dir='ltr'><strong>securi</strong></span> <span class='ocrx_word' id='word_1_71' title='bbox 1128 1285 1161 1348; x_wconf 88' lang='lat' dir='ltr'><strong>in</strong></span> <span class='ocrx_word' id='word_1_72' title='bbox 1178 1283 1308 1350; x_wconf 88' lang='lat' dir='ltr'><strong>ecclesia</strong></span> 
     </span>
     <span class='ocr_line' id='line_1_10' title="bbox 156 1389 1306 1476; baseline 0.002 -23"><span class='ocrx_word' id='word_1_73' title='bbox 156 1409 226 1452; x_wconf 86' lang='lat' dir='ltr'><strong>esse</strong></span> <span class='ocrx_word' id='word_1_74' title='bbox 242 1393 382 1472; x_wconf 85' lang='lat' dir='ltr'><strong>possent,</strong></span> <span class='ocrx_word' id='word_1_75' title='bbox 405 1393 437 1454; x_wconf 87' lang='lat' dir='ltr'><strong>et</strong></span> <span class='ocrx_word' id='word_1_76' title='bbox 452 1390 564 1474; x_wconf 90' lang='lat' dir='ltr'><strong>templi</strong></span> <span class='ocrx_word' id='word_1_77' title='bbox 578 1390 736 1455; x_wconf 84' lang='lat' dir='ltr'><strong>mirabilia</strong></span> <span class='ocrx_word' id='word_1_78' title='bbox 759 1394 792 1456; x_wconf 91' lang='lat' dir='ltr'><strong>et</strong></span> <span class='ocrx_word' id='word_1_79' title='bbox 807 1391 917 1476; x_wconf 87' lang='lat' dir='ltr'><strong>magni</strong></span> <span class='ocrx_word' id='word_1_80' title='bbox 932 1389 1141 1456; x_wconf 85' lang='lat' dir='ltr'><strong>fundamenta</strong></span> <span class='ocrx_word' id='word_1_81' title='bbox 1156 1391 1306 1470; x_wconf 89' lang='lat' dir='ltr'><strong>iecerunt,</strong></span> 
     </span>
     <span class='ocr_line' id='line_1_11' title="bbox 157 1493 1307 1581; baseline 0.002 -24"><span class='ocrx_word' id='word_1_82' title='bbox 157 1493 374 1580; x_wconf 89' lang='lat' dir='ltr'><strong>relinquentes</strong></span> <span class='ocrx_word' id='word_1_83' title='bbox 389 1495 481 1560; x_wconf 89' lang='lat' dir='ltr'><strong>nobis</strong></span> <span class='ocrx_word' id='word_1_84' title='bbox 496 1495 633 1581; x_wconf 89' lang='lat' dir='ltr'><strong>figuram</strong></span> <span class='ocrx_word' id='word_1_85' title='bbox 657 1495 770 1561; x_wconf 89' lang='lat' dir='ltr'><strong>charta</strong></span> <span class='ocrx_word' id='word_1_86' title='bbox 793 1495 948 1580; x_wconf 82' lang='lat' dir='ltr'><strong>depictam</strong></span> <span class='ocrx_word' id='word_1_87' title='bbox 965 1496 1111 1576; x_wconf 84' lang='lat' dir='ltr'><strong>ecclesiae,</strong></span> <span class='ocrx_word' id='word_1_88' title='bbox 1135 1516 1230 1580; x_wconf 92' lang='lat' dir='ltr'><strong>quam</strong></span> <span class='ocrx_word' id='word_1_89' title='bbox 1245 1495 1307 1579; x_wconf 89' lang='lat' dir='ltr'><strong>ipsi</strong></span> 
     </span>
     <span class='ocr_line' id='line_1_12' title="bbox 155 1599 1308 1686; baseline 0.003 -23"><span class='ocrx_word' id='word_1_90' title='bbox 155 1600 337 1684; x_wconf 87' lang='lat' dir='ltr'><strong>magnificis</strong></span> <span class='ocrx_word' id='word_1_91' title='bbox 352 1601 513 1666; x_wconf 87' lang='lat' dir='ltr'><strong>mentibus</strong></span> <span class='ocrx_word' id='word_1_92' title='bbox 529 1601 737 1685; x_wconf 70' lang='lat' dir='ltr'><strong>conceperant</strong></span> <span class='ocrx_word' id='word_1_93' title='bbox 749 1601 942 1686; x_wconf 87' lang='lat' dir='ltr'><strong>erigendam.</strong></span> <span class='ocrx_word' id='word_1_94' title='bbox 966 1623 1038 1686; x_wconf 80' lang='lat' dir='ltr'><strong>quae</strong></span> <span class='ocrx_word' id='word_1_95' title='bbox 1053 1601 1181 1686; x_wconf 89' lang='lat' dir='ltr'><strong>quidem</strong></span> <span class='ocrx_word' id='word_1_96' title='bbox 1196 1599 1308 1666; x_wconf 88' lang='lat' dir='ltr'><strong>charta</strong></span> 
     </span>
     <span class='ocr_line' id='line_1_13' title="bbox 155 1705 1307 1792; baseline 0.003 -24"><span class='ocrx_word' id='word_1_97' title='bbox 155 1705 260 1769; x_wconf 86' lang='lat' dir='ltr'><strong>multo</strong></span> <span class='ocrx_word' id='word_1_98' title='bbox 282 1706 451 1790; x_wconf 86' lang='lat' dir='ltr'><strong>pretiosius</strong></span> <span class='ocrx_word' id='word_1_99' title='bbox 475 1705 672 1771; x_wconf 88' lang='lat' dir='ltr'><strong>demonstrat</strong></span> <span class='ocrx_word' id='word_1_100' title='bbox 694 1707 858 1790; x_wconf 89' lang='lat' dir='ltr'><strong>templum,</strong></span> <span class='ocrx_word' id='word_1_101' title='bbox 882 1729 978 1792; x_wconf 87' lang='lat' dir='ltr'><strong>quam</strong></span> <span class='ocrx_word' id='word_1_102' title='bbox 1000 1705 1080 1770; x_wconf 93' lang='lat' dir='ltr'><strong>illud</strong></span> <span class='ocrx_word' id='word_1_103' title='bbox 1103 1705 1162 1785; x_wconf 89' lang='lat' dir='ltr'><strong>sit,</strong></span> <span class='ocrx_word' id='word_1_104' title='bbox 1187 1705 1220 1770; x_wconf 92' lang='lat' dir='ltr'><strong>in</strong></span> <span class='ocrx_word' id='word_1_105' title='bbox 1243 1727 1307 1791; x_wconf 89' lang='lat' dir='ltr'><strong>quo</strong></span> 
     </span>
     <span class='ocr_line' id='line_1_14' title="bbox 155 1802 1306 1896; baseline 0.003 -24"><span class='ocrx_word' id='word_1_106' title='bbox 155 1808 251 1875; x_wconf 88' lang='lat' dir='ltr'><strong>hodie</strong></span> <span class='ocrx_word' id='word_1_107' title='bbox 272 1802 475 1890; x_wconf 88' lang='lat' dir='ltr'><strong>laboramus,</strong></span> <span class='ocrx_word' id='word_1_108' title='bbox 499 1810 576 1895; x_wconf 90' lang='lat' dir='ltr'><strong>quia</strong></span> <span class='ocrx_word' id='word_1_109' title='bbox 595 1811 739 1875; x_wconf 88' lang='lat' dir='ltr'><strong>moderni</strong></span> <span class='ocrx_word' id='word_1_110' title='bbox 762 1811 906 1895; x_wconf 84' lang='lat' dir='ltr'><strong>parvifici</strong></span> <span class='ocrx_word' id='word_1_111' title='bbox 929 1833 993 1876; x_wconf 93' lang='lat' dir='ltr'><strong>non</strong></span> <span class='ocrx_word' id='word_1_112' title='bbox 1017 1810 1135 1875; x_wconf 88' lang='lat' dir='ltr'><strong>audent</strong></span> <span class='ocrx_word' id='word_1_113' title='bbox 1159 1812 1306 1896; x_wconf 89' lang='lat' dir='ltr'><strong>prosequi</strong></span> 
     </span>
     <span class='ocr_line' id='line_1_15' title="bbox 156 1915 1306 2002; baseline 0.002 -24"><span class='ocrx_word' id='word_1_114' title='bbox 156 1915 318 1980; x_wconf 89' lang='lat' dir='ltr'><strong>intentum</strong></span> <span class='ocrx_word' id='word_1_115' title='bbox 341 1917 546 2002; x_wconf 88' lang='lat' dir='ltr'><strong>antiquorum</strong></span> <span class='ocrx_word' id='word_1_116' title='bbox 569 1920 602 1982; x_wconf 91' lang='lat' dir='ltr'><strong>et</strong></span> <span class='ocrx_word' id='word_1_117' title='bbox 624 1917 766 2001; x_wconf 90' lang='lat' dir='ltr'><strong>qnotidie</strong></span> <span class='ocrx_word' id='word_1_118' title='bbox 794 1917 897 1982; x_wconf 88' lang='lat' dir='ltr'><strong>multa</strong></span> <span class='ocrx_word' id='word_1_119' title='bbox 919 1916 1097 2002; x_wconf 88' lang='lat' dir='ltr'><strong>spectantia</strong></span> <span class='ocrx_word' id='word_1_120' title='bbox 1125 1917 1164 1981; x_wconf 88' lang='lat' dir='ltr'><strong>ad</strong></span> <span class='ocrx_word' id='word_1_121' title='bbox 1187 1916 1306 2000; x_wconf 91' lang='lat' dir='ltr'><strong>pretio·</strong></span> 
     </span>
     <span class='ocr_line' id='line_1_16' title="bbox 156 2019 1306 2106; baseline 0.002 -22"><span class='ocrx_word' id='word_1_122' title='bbox 156 2019 286 2086; x_wconf 88' lang='lat' dir='ltr'><strong>sitatem</strong></span> <span class='ocrx_word' id='word_1_123' title='bbox 301 2025 333 2086; x_wconf 91' lang='lat' dir='ltr'><strong>et</strong></span> <span class='ocrx_word' id='word_1_124' title='bbox 348 2021 491 2087; x_wconf 81' lang='lat' dir='ltr'><strong>decorem</strong></span> <span class='ocrx_word' id='word_1_125' title='bbox 507 2026 676 2088; x_wconf 73' lang='lat' dir='ltr'><strong>structurae</strong></span> <span class='ocrx_word' id='word_1_126' title='bbox 692 2022 874 2087; x_wconf 88' lang='lat' dir='ltr'><strong>detrahunt.</strong></span> <span class='ocrx_word' id='word_1_127' title='bbox 911 2020 971 2086; x_wconf 89' lang='lat' dir='ltr'><strong>His</strong></span> <span class='ocrx_word' id='word_1_128' title='bbox 987 2022 1135 2106; x_wconf 88' lang='lat' dir='ltr'><strong>operibus</strong></span> <span class='ocrx_word' id='word_1_129' title='bbox 1150 2021 1306 2086; x_wconf 87' lang='lat' dir='ltr'><strong>instantes</strong></span> 
     </span>
     <span class='ocr_line' id='line_1_17' title="bbox 157 2125 1307 2213; baseline 0 -23"><span class='ocrx_word' id='word_1_130' title='bbox 157 2127 289 2192; x_wconf 87' lang='lat' dir='ltr'><strong>accessit</strong></span> <span class='ocrx_word' id='word_1_131' title='bbox 312 2125 397 2193; x_wconf 85' lang='lat' dir='ltr'><strong>aliud</strong></span> <span class='ocrx_word' id='word_1_132' title='bbox 420 2127 515 2192; x_wconf 91' lang='lat' dir='ltr'><strong>nimis</strong></span> <span class='ocrx_word' id='word_1_133' title='bbox 537 2127 755 2211; x_wconf 89' lang='lat' dir='ltr'><strong>importunum</strong></span> <span class='ocrx_word' id='word_1_134' title='bbox 779 2133 811 2193; x_wconf 91' lang='lat' dir='ltr'><strong>et</strong></span> <span class='ocrx_word' id='word_1_135' title='bbox 833 2149 940 2213; x_wconf 88' lang='lat' dir='ltr'><strong>grave.</strong></span> <span class='ocrx_word' id='word_1_136' title='bbox 964 2150 1038 2192; x_wconf 89' lang='lat' dir='ltr'><strong>nam</strong></span> <span class='ocrx_word' id='word_1_137' title='bbox 1053 2126 1219 2192; x_wconf 77' lang='lat' dir='ltr'><strong>Lndwims</strong></span> <span class='ocrx_word' id='word_1_138' title='bbox 1243 2125 1307 2191; x_wconf 89' lang='lat' dir='ltr'><strong>Ba·</strong></span> 
     </span>
     <span class='ocr_line' id='line_1_18' title="bbox 157 2229 1307 2319; baseline -0.001 -24"><span class='ocrx_word' id='word_1_139' title='bbox 157 2253 262 2314; x_wconf 81' lang='lat' dir='ltr'><strong>rarus,</strong></span> <span class='ocrx_word' id='word_1_140' title='bbox 287 2233 343 2319; x_wconf 90' lang='lat' dir='ltr'><strong>qui</strong></span> <span class='ocrx_word' id='word_1_141' title='bbox 363 2233 534 2318; x_wconf 90' lang='lat' dir='ltr'><strong>imperium</strong></span> <span class='ocrx_word' id='word_1_142' title='bbox 557 2233 731 2314; x_wconf 85' lang='lat' dir='ltr'><strong>invaserat,</strong></span> <span class='ocrx_word' id='word_1_143' title='bbox 755 2256 849 2318; x_wconf 87' lang='lat' dir='ltr'><strong>quem</strong></span> <span class='ocrx_word' id='word_1_144' title='bbox 871 2231 959 2318; x_wconf 88' lang='lat' dir='ltr'><strong>Papa</strong></span> <span class='ocrx_word' id='word_1_145' title='bbox 981 2255 1053 2298; x_wconf 88' lang='lat' dir='ltr'><strong>cum</strong></span> <span class='ocrx_word' id='word_1_146' title='bbox 1076 2231 1223 2298; x_wconf 89' lang='lat' dir='ltr'><strong>omnibus</strong></span> <span class='ocrx_word' id='word_1_147' title='bbox 1246 2229 1307 2295; x_wconf 91' lang='lat' dir='ltr'><strong>sibi</strong></span> 
     </span>
     <span class='ocr_line' id='line_1_19' title="bbox 156 2334 1307 2419; baseline 0.002 -19"><span class='ocrx_word' id='word_1_148' title='bbox 156 2336 393 2403; x_wconf 66' lang='lat' dir='ltr'><strong>adhaerentibus</strong></span> <span class='ocrx_word' id='word_1_149' title='bbox 409 2339 746 2419; x_wconf 84' lang='lat' dir='ltr'><strong>excommunicaverat,</strong></span> <span class='ocrx_word' id='word_1_150' title='bbox 763 2338 891 2405; x_wconf 92' lang='lat' dir='ltr'><strong>Ulmam</strong></span> <span class='ocrx_word' id='word_1_151' title='bbox 912 2339 1009 2419; x_wconf 84' lang='lat' dir='ltr'><strong>venit,</strong></span> <span class='ocrx_word' id='word_1_152' title='bbox 1032 2344 1065 2404; x_wconf 92' lang='lat' dir='ltr'><strong>et</strong></span> <span class='ocrx_word' id='word_1_153' title='bbox 1086 2359 1158 2402; x_wconf 90' lang='lat' dir='ltr'><strong>oum</strong></span> <span class='ocrx_word' id='word_1_154' title='bbox 1173 2334 1307 2402; x_wconf 84' lang='lat' dir='ltr'><strong>Ulman-</strong></span> 
     </span>
     <span class='ocr_line' id='line_1_20' title="bbox 155 2441 1306 2531; baseline -0.001 -24"><span class='ocrx_word' id='word_1_155' title='bbox 155 2463 205 2507; x_wconf 81' lang='lat' dir='ltr'><strong>ses</strong></span> <span class='ocrx_word' id='word_1_156' title='bbox 239 2443 362 2510; x_wconf 90' lang='lat' dir='ltr'><strong>nollent</strong></span> <span class='ocrx_word' id='word_1_157' title='bbox 394 2467 466 2510; x_wconf 89' lang='lat' dir='ltr'><strong>eum</strong></span> <span class='ocrx_word' id='word_1_158' title='bbox 499 2446 604 2529; x_wconf 92' lang='lat' dir='ltr'><strong>primo</strong></span> <span class='ocrx_word' id='word_1_159' title='bbox 627 2447 784 2531; x_wconf 89' lang='lat' dir='ltr'><strong>recipere,</strong></span> <span class='ocrx_word' id='word_1_160' title='bbox 817 2445 957 2511; x_wconf 84' lang='lat' dir='ltr'><strong>exercitu</strong></span> <span class='ocrx_word' id='word_1_161' title='bbox 980 2444 1142 2510; x_wconf 86' lang='lat' dir='ltr'><strong>civitatem</strong></span> <span class='ocrx_word' id='word_1_162' title='bbox 1163 2441 1306 2507; x_wconf 86' lang='lat' dir='ltr'><strong>vallavit.</strong></span> 
     </span>
     <span class='ocr_line' id='line_1_21' title="bbox 154 2545 1411 2636; baseline -0.001 -24"><span class='ocrx_word' id='word_1_163' title='bbox 154 2548 440 2615; x_wconf 83' lang='lat' dir='ltr'><strong>intervenientibus</strong></span> <span class='ocrx_word' id='word_1_164' title='bbox 465 2555 571 2616; x_wconf 88' lang='lat' dir='ltr'><strong>autem</strong></span> <span class='ocrx_word' id='word_1_165' title='bbox 595 2552 782 2636; x_wconf 89' lang='lat' dir='ltr'><strong>quibusdam</strong></span> <span class='ocrx_word' id='word_1_166' title='bbox 801 2551 996 2636; x_wconf 85' lang='lat' dir='ltr'><strong>principibus</strong></span> <span class='ocrx_word' id='word_1_167' title='bbox 1019 2571 1091 2615; x_wconf 91' lang='lat' dir='ltr'><strong>eum</strong></span> <span class='ocrx_word' id='word_1_168' title='bbox 1107 2551 1303 2632; x_wconf 88' lang='lat' dir='ltr'><strong>receperunt,</strong></span> <span class='ocrx_word' id='word_1_169' title='bbox 1317 2545 1411 2626; x_wconf 52' lang='lat' dir='ltr'><strong>uffa,</strong></span> 
     </span>
     <span class='ocr_line' id='line_1_22' title="bbox 155 2651 1304 2743; baseline 0 -25"><span class='ocrx_word' id='word_1_170' title='bbox 155 2653 265 2738; x_wconf 87' lang='lat' dir='ltr'><strong>sicque</strong></span> <span class='ocrx_word' id='word_1_171' title='bbox 281 2654 321 2719; x_wconf 91' lang='lat' dir='ltr'><strong>ab</strong></span> <span class='ocrx_word' id='word_1_172' title='bbox 344 2655 388 2720; x_wconf 87' lang='lat' dir='ltr'><strong>eis</strong></span> <span class='ocrx_word' id='word_1_173' title='bbox 404 2655 541 2721; x_wconf 86' lang='lat' dir='ltr'><strong>recessit</strong></span> <span class='ocrx_word' id='word_1_174' title='bbox 588 2655 664 2721; x_wconf 86' lang='lat' dir='ltr'><strong>Non</strong></span> <span class='ocrx_word' id='word_1_175' title='bbox 679 2657 780 2723; x_wconf 90' lang='lat' dir='ltr'><strong>multo</strong></span> <span class='ocrx_word' id='word_1_176' title='bbox 803 2663 877 2743; x_wconf 90' lang='lat' dir='ltr'><strong>post</strong></span> <span class='ocrx_word' id='word_1_177' title='bbox 891 2655 1049 2722; x_wconf 87' lang='lat' dir='ltr'><strong>chricus</strong></span> <span class='ocrx_word' id='word_1_178' title='bbox 1065 2653 1146 2720; x_wconf 89' lang='lat' dir='ltr'><strong>alter</strong></span> <span class='ocrx_word' id='word_1_179' title='bbox 1160 2651 1304 2718; x_wconf 83' lang='lat' dir='ltr'><strong>Bararus</strong></span> 
     </span>
     <span class='ocr_line' id='line_1_23' title="bbox 155 2757 1305 2846; baseline -0.002 -22"><span class='ocrx_word' id='word_1_180' title='bbox 155 2757 297 2824; x_wconf 83' lang='lat' dir='ltr'><strong>Lndwici</strong></span> <span class='ocrx_word' id='word_1_181' title='bbox 319 2759 461 2844; x_wconf 74' lang='lat' dir='ltr'><strong>praedicti</strong></span> <span class='ocrx_word' id='word_1_182' title='bbox 478 2761 741 2846; x_wconf 87' lang='lat' dir='ltr'><strong>consanguineus,</strong></span> <span class='ocrx_word' id='word_1_183' title='bbox 765 2762 816 2826; x_wconf 90' lang='lat' dir='ltr'><strong>cui</strong></span> <span class='ocrx_word' id='word_1_184' title='bbox 832 2759 921 2846; x_wconf 91' lang='lat' dir='ltr'><strong>Papa</strong></span> <span class='ocrx_word' id='word_1_185' title='bbox 936 2761 1104 2846; x_wconf 90' lang='lat' dir='ltr'><strong>imperium</strong></span> <span class='ocrx_word' id='word_1_186' title='bbox 1120 2759 1305 2838; x_wconf 88' lang='lat' dir='ltr'><strong>tradiderat,</strong></span> 
     </span>
    </p>

    <p class='ocr_par' dir='ltr' id='par_1_3' title="bbox 62 2863 1345 3677">
     <span class='ocr_line' id='line_1_24' title="bbox 62 2863 1305 2946; baseline 0 -17"><span class='ocrx_word' id='word_1_187' title='bbox 62 2875 67 2882; x_wconf 90' lang='lat'>&#39;</span> <span class='ocrx_word' id='word_1_188' title='bbox 155 2867 189 2929; x_wconf 88' lang='lat' dir='ltr'><strong>et</strong></span> <span class='ocrx_word' id='word_1_189' title='bbox 210 2864 402 2946; x_wconf 88' lang='lat' dir='ltr'><strong>cardinales,</strong></span> <span class='ocrx_word' id='word_1_190' title='bbox 434 2888 488 2930; x_wconf 85' lang='lat' dir='ltr'><strong>rex</strong></span> <span class='ocrx_word' id='word_1_191' title='bbox 511 2863 674 2931; x_wconf 88' lang='lat' dir='ltr'><strong>Bohemiae</strong></span> <span class='ocrx_word' id='word_1_192' title='bbox 706 2871 739 2932; x_wconf 91' lang='lat' dir='ltr'><strong>et</strong></span> <span class='ocrx_word' id='word_1_193' title='bbox 769 2889 825 2932; x_wconf 86' lang='lat' dir='ltr'><strong>rex</strong></span> <span class='ocrx_word' id='word_1_194' title='bbox 847 2865 991 2933; x_wconf 71' lang='lat' dir='ltr'><strong>Francia</strong></span> <span class='ocrx_word' id='word_1_195' title='bbox 1022 2865 1123 2931; x_wconf 89' lang='lat' dir='ltr'><strong>eidem</strong></span> <span class='ocrx_word' id='word_1_196' title='bbox 1145 2865 1305 2942; x_wconf 84' lang='lat' dir='ltr'><strong>favebant,</strong></span> 
     </span>
     <span class='ocr_line' id='line_1_25' title="bbox 156 2967 1345 3057; baseline 0 -24"><span class='ocrx_word' id='word_1_197' title='bbox 156 2971 245 3034; x_wconf 87' lang='lat' dir='ltr'><strong>venit</strong></span> <span class='ocrx_word' id='word_1_198' title='bbox 260 2967 391 3035; x_wconf 90' lang='lat' dir='ltr'><strong>Ulmam</strong></span> <span class='ocrx_word' id='word_1_199' title='bbox 411 2993 483 3036; x_wconf 91' lang='lat' dir='ltr'><strong>cum</strong></span> <span class='ocrx_word' id='word_1_200' title='bbox 498 2970 704 3037; x_wconf 89' lang='lat' dir='ltr'><strong>multitudine</strong></span> <span class='ocrx_word' id='word_1_201' title='bbox 720 2971 927 3052; x_wconf 90' lang='lat' dir='ltr'><strong>Bavarorum,</strong></span> <span class='ocrx_word' id='word_1_202' title='bbox 951 2972 1113 3057; x_wconf 89' lang='lat' dir='ltr'><strong>requirens</strong></span> <span class='ocrx_word' id='word_1_203' title='bbox 1129 2967 1306 3046; x_wconf 87' lang='lat' dir='ltr'><strong>Ulmenses,</strong></span> <span class='ocrx_word' id='word_1_204' title='bbox 1343 2987 1345 2993; x_wconf 87' lang='lat'>·</span> 
     </span>
     <span class='ocr_line' id='line_1_26' title="bbox 155 3073 1309 3159; baseline 0 -22"><span class='ocrx_word' id='word_1_205' title='bbox 155 3077 194 3138; x_wconf 92' lang='lat' dir='ltr'><strong>ut</strong></span> <span class='ocrx_word' id='word_1_206' title='bbox 216 3073 278 3138; x_wconf 89' lang='lat' dir='ltr'><strong>sibi</strong></span> <span class='ocrx_word' id='word_1_207' title='bbox 300 3075 516 3156; x_wconf 75' lang='lat' dir='ltr'><strong>adhaererent,</strong></span> <span class='ocrx_word' id='word_1_208' title='bbox 539 3075 593 3142; x_wconf 89' lang='lat' dir='ltr'><strong>sed</strong></span> <span class='ocrx_word' id='word_1_209' title='bbox 616 3075 698 3140; x_wconf 92' lang='lat' dir='ltr'><strong>nihil</strong></span> <span class='ocrx_word' id='word_1_210' title='bbox 721 3075 888 3159; x_wconf 89' lang='lat' dir='ltr'><strong>proficiens</strong></span> <span class='ocrx_word' id='word_1_211' title='bbox 912 3075 1108 3141; x_wconf 90' lang='lat' dir='ltr'><strong>obsidionem</strong></span> <span class='ocrx_word' id='word_1_212' title='bbox 1132 3073 1245 3151; x_wconf 88' lang='lat' dir='ltr'><strong>solvit,</strong></span> <span class='ocrx_word' id='word_1_213' title='bbox 1276 3075 1309 3137; x_wconf 89' lang='lat' dir='ltr'><strong>et</strong></span> 
     </span>
     <span class='ocr_line' id='line_1_27' title="bbox 155 3177 1308 3266; baseline -0.003 -22"><span class='ocrx_word' id='word_1_214' title='bbox 155 3179 302 3259; x_wconf 88' lang='lat' dir='ltr'><strong>recessit,</strong></span> <span class='ocrx_word' id='word_1_215' title='bbox 334 3180 507 3266; x_wconf 88' lang='lat' dir='ltr'><strong>statimque</strong></span> <span class='ocrx_word' id='word_1_216' title='bbox 528 3184 601 3266; x_wconf 89' lang='lat' dir='ltr'><strong>post</strong></span> <span class='ocrx_word' id='word_1_217' title='bbox 623 3182 766 3266; x_wconf 87' lang='lat' dir='ltr'><strong>leprosus</strong></span> <span class='ocrx_word' id='word_1_218' title='bbox 793 3181 896 3246; x_wconf 85' lang='lat' dir='ltr'><strong>factus</strong></span> <span class='ocrx_word' id='word_1_219' title='bbox 920 3180 1009 3246; x_wconf 93' lang='lat' dir='ltr'><strong>obiit.</strong></span> <span class='ocrx_word' id='word_1_220' title='bbox 1056 3179 1178 3244; x_wconf 91' lang='lat' dir='ltr'><strong>Deinde</strong></span> <span class='ocrx_word' id='word_1_221' title='bbox 1199 3177 1308 3262; x_wconf 89' lang='lat' dir='ltr'><strong>paucis</strong></span> 
     </span>
     <span class='ocr_line' id='line_1_28' title="bbox 155 3280 1308 3370; baseline -0.003 -20"><span class='ocrx_word' id='word_1_222' title='bbox 155 3283 332 3350; x_wconf 87' lang='lat' dir='ltr'><strong>interiectis</strong></span> <span class='ocrx_word' id='word_1_223' title='bbox 355 3285 446 3350; x_wconf 89' lang='lat' dir='ltr'><strong>annis</strong></span> <span class='ocrx_word' id='word_1_224' title='bbox 469 3284 607 3350; x_wconf 90' lang='lat' dir='ltr'><strong>Karolus</strong></span> <span class='ocrx_word' id='word_1_225' title='bbox 629 3288 781 3370; x_wconf 85' lang='lat' dir='ltr'><strong>quartus,</strong></span> <span class='ocrx_word' id='word_1_226' title='bbox 811 3289 921 3350; x_wconf 86' lang='lat' dir='ltr'><strong>contra</strong></span> <span class='ocrx_word' id='word_1_227' title='bbox 943 3283 1125 3349; x_wconf 87' lang='lat' dir='ltr'><strong>Ludwicum</strong></span> <span class='ocrx_word' id='word_1_228' title='bbox 1150 3280 1308 3346; x_wconf 71' lang='lat' dir='ltr'><strong>Baiarum</strong></span> 
     </span>
     <span class='ocr_line' id='line_1_29' title="bbox 155 3387 1306 3476; baseline -0.005 -20"><span class='ocrx_word' id='word_1_229' title='bbox 155 3389 275 3456; x_wconf 89' lang='lat' dir='ltr'><strong>electus</strong></span> <span class='ocrx_word' id='word_1_230' title='bbox 298 3393 330 3455; x_wconf 90' lang='lat' dir='ltr'><strong>et</strong></span> <span class='ocrx_word' id='word_1_231' title='bbox 352 3390 575 3471; x_wconf 88' lang='lat' dir='ltr'><strong>confirmatus,</strong></span> <span class='ocrx_word' id='word_1_232' title='bbox 607 3391 702 3456; x_wconf 89' lang='lat' dir='ltr'><strong>etiam</strong></span> <span class='ocrx_word' id='word_1_233' title='bbox 727 3389 858 3456; x_wconf 88' lang='lat' dir='ltr'><strong>Ulmam</strong></span> <span class='ocrx_word' id='word_1_234' title='bbox 886 3391 979 3476; x_wconf 88' lang='lat' dir='ltr'><strong>gravi</strong></span> <span class='ocrx_word' id='word_1_235' title='bbox 1001 3388 1134 3455; x_wconf 83' lang='lat' dir='ltr'><strong>vallavit</strong></span> <span class='ocrx_word' id='word_1_236' title='bbox 1156 3387 1306 3466; x_wconf 84' lang='lat' dir='ltr'><strong>exercitu,</strong></span> 
     </span>
     <span class='ocr_line' id='line_1_30' title="bbox 155 3491 1307 3580; baseline -0.003 -19"><span class='ocrx_word' id='word_1_237' title='bbox 155 3495 211 3561; x_wconf 86' lang='lat' dir='ltr'><strong>sed</strong></span> <span class='ocrx_word' id='word_1_238' title='bbox 228 3495 296 3560; x_wconf 89' lang='lat' dir='ltr'><strong>sine</strong></span> <span class='ocrx_word' id='word_1_239' title='bbox 312 3495 424 3561; x_wconf 86' lang='lat' dir='ltr'><strong>effectu</strong></span> <span class='ocrx_word' id='word_1_240' title='bbox 440 3496 598 3580; x_wconf 87' lang='lat' dir='ltr'><strong>captionis</strong></span> <span class='ocrx_word' id='word_1_241' title='bbox 621 3497 761 3561; x_wconf 88' lang='lat' dir='ltr'><strong>civitatis</strong></span> <span class='ocrx_word' id='word_1_242' title='bbox 777 3494 914 3561; x_wconf 87' lang='lat' dir='ltr'><strong>recessit.</strong></span> <span class='ocrx_word' id='word_1_243' title='bbox 960 3493 999 3560; x_wconf 91' lang='lat' dir='ltr'><strong>In</strong></span> <span class='ocrx_word' id='word_1_244' title='bbox 1013 3495 1064 3560; x_wconf 90' lang='lat' dir='ltr'><strong>his</strong></span> <span class='ocrx_word' id='word_1_245' title='bbox 1088 3491 1307 3559; x_wconf 89' lang='lat' dir='ltr'><strong>obsidionibus</strong></span> 
     </span>
     <span class='ocr_line' id='line_1_31' title="bbox 156 3595 1306 3677; baseline -0.003 -12"><span class='ocrx_word' id='word_1_246' title='bbox 156 3600 248 3666; x_wconf 87' lang='lat' dir='ltr'><strong>nulla</strong></span> <span class='ocrx_word' id='word_1_247' title='bbox 263 3597 415 3664; x_wconf 83' lang='lat' dir='ltr'><strong>violentia</strong></span> <span class='ocrx_word' id='word_1_248' title='bbox 438 3599 612 3667; x_wconf 87' lang='lat' dir='ltr'><strong>fuitmuria</strong></span> <span class='ocrx_word' id='word_1_249' title='bbox 635 3603 691 3666; x_wconf 90' lang='lat' dir='ltr'><strong>aut</strong></span> <span class='ocrx_word' id='word_1_250' title='bbox 711 3599 853 3666; x_wconf 89' lang='lat' dir='ltr'><strong>turribus</strong></span> <span class='ocrx_word' id='word_1_251' title='bbox 874 3601 1012 3666; x_wconf 84' lang='lat' dir='ltr'><strong>civitatis</strong></span> <span class='ocrx_word' id='word_1_252' title='bbox 1028 3597 1190 3666; x_wconf 87' lang='lat' dir='ltr'><strong>Ulmensis</strong></span> <span class='ocrx_word' id='word_1_253' title='bbox 1204 3595 1306 3677; x_wconf 83' lang='lat' dir='ltr'><strong>illata,</strong></span> 
     </span>
    </p>
   </div>
   <div class='ocr_carea' id='block_1_3' title="bbox 154 3700 1307 4107">
    <p class='ocr_par' dir='ltr' id='par_1_4' title="bbox 154 3700 1307 4107">
     <span class='ocr_line' id='line_1_32' title="bbox 155 3700 1306 3790; baseline -0.003 -19"><span class='ocrx_word' id='word_1_254' title='bbox 155 3705 210 3771; x_wconf 89' lang='lat' dir='ltr'><strong>sed</strong></span> <span class='ocrx_word' id='word_1_255' title='bbox 234 3707 362 3770; x_wconf 90' lang='lat' dir='ltr'><strong>tantum</strong></span> <span class='ocrx_word' id='word_1_256' title='bbox 383 3705 581 3790; x_wconf 87' lang='lat' dir='ltr'><strong>postulatum</strong></span> <span class='ocrx_word' id='word_1_257' title='bbox 603 3710 640 3771; x_wconf 91' lang='lat' dir='ltr'><strong>ut</strong></span> <span class='ocrx_word' id='word_1_258' title='bbox 662 3707 818 3772; x_wconf 89' lang='lat' dir='ltr'><strong>amicitias</strong></span> <span class='ocrx_word' id='word_1_259' title='bbox 841 3705 968 3770; x_wconf 91' lang='lat' dir='ltr'><strong>inirent.</strong></span> <span class='ocrx_word' id='word_1_260' title='bbox 1015 3705 1093 3770; x_wconf 85' lang='lat' dir='ltr'><strong>Haec</strong></span> <span class='ocrx_word' id='word_1_261' title='bbox 1116 3704 1223 3769; x_wconf 87' lang='lat' dir='ltr'><strong>omnia</strong></span> <span class='ocrx_word' id='word_1_262' title='bbox 1244 3700 1306 3768; x_wconf 91' lang='lat' dir='ltr'><strong>Ul·</strong></span> 
     </span>
     <span class='ocr_line' id='line_1_33' title="bbox 154 3808 1307 3897; baseline -0.003 -21"><span class='ocrx_word' id='word_1_263' title='bbox 154 3831 280 3876; x_wconf 87' lang='lat' dir='ltr'><strong>menses</strong></span> <span class='ocrx_word' id='word_1_264' title='bbox 296 3809 400 3894; x_wconf 86' lang='lat' dir='ltr'><strong>magis</strong></span> <span class='ocrx_word' id='word_1_265' title='bbox 416 3811 536 3876; x_wconf 80' lang='lat' dir='ltr'><strong>virtute</strong></span> <span class='ocrx_word' id='word_1_266' title='bbox 559 3814 591 3876; x_wconf 89' lang='lat' dir='ltr'><strong>et</strong></span> <span class='ocrx_word' id='word_1_267' title='bbox 605 3811 826 3897; x_wconf 78' lang='lat' dir='ltr'><strong>magnitudine</strong></span> <span class='ocrx_word' id='word_1_268' title='bbox 842 3809 940 3874; x_wconf 89' lang='lat' dir='ltr'><strong>animi</strong></span> <span class='ocrx_word' id='word_1_269' title='bbox 963 3831 999 3875; x_wconf 87' lang='lat' dir='ltr'><strong>ac</strong></span> <span class='ocrx_word' id='word_1_270' title='bbox 1020 3808 1189 3894; x_wconf 86' lang='lat' dir='ltr'><strong>prudentia</strong></span> <span class='ocrx_word' id='word_1_271' title='bbox 1211 3829 1307 3892; x_wconf 90' lang='lat' dir='ltr'><strong>quam</strong></span> 
     </span>
     <span class='ocr_line' id='line_1_34' title="bbox 154 3901 1307 4000; baseline -0.003 -18"><span class='ocrx_word' id='word_1_272' title='bbox 154 3915 250 3982; x_wconf 87' lang='lat' dir='ltr'><strong>bellis</strong></span> <span class='ocrx_word' id='word_1_273' title='bbox 272 3919 306 3979; x_wconf 79' lang='lat' dir='ltr'><strong>et</strong></span> <span class='ocrx_word' id='word_1_274' title='bbox 327 3915 423 3980; x_wconf 90' lang='lat' dir='ltr'><strong>armis</strong></span> <span class='ocrx_word' id='word_1_275' title='bbox 446 3901 600 3981; x_wconf 82' lang='lat' dir='ltr'><strong>vicerunt.</strong></span> <span class='ocrx_word' id='word_1_276' title='bbox 646 3915 684 3981; x_wconf 89' lang='lat' dir='ltr'><strong>ln</strong></span> <span class='ocrx_word' id='word_1_277' title='bbox 708 3939 744 3982; x_wconf 90' lang='lat' dir='ltr'><strong>eo</strong></span> <span class='ocrx_word' id='word_1_278' title='bbox 761 3921 902 4000; x_wconf 91' lang='lat' dir='ltr'><strong>tempore</strong></span> <span class='ocrx_word' id='word_1_279' title='bbox 924 3915 1017 3981; x_wconf 88' lang='lat' dir='ltr'><strong>duces</strong></span> <span class='ocrx_word' id='word_1_280' title='bbox 1033 3913 1189 3994; x_wconf 83' lang='lat' dir='ltr'><strong>Bavariae,</strong></span> <span class='ocrx_word' id='word_1_281' title='bbox 1213 3913 1307 3979; x_wconf 89' lang='lat' dir='ltr'><strong>duces</strong></span> 
     </span>
     <span class='ocr_line' id='line_1_35' title="bbox 156 4018 1307 4107; baseline -0.003 -21"><span class='ocrx_word' id='word_1_282' title='bbox 156 4019 307 4099; x_wconf 81' lang='lat' dir='ltr'><strong>Austriae,</strong></span> <span class='ocrx_word' id='word_1_283' title='bbox 331 4021 425 4086; x_wconf 90' lang='lat' dir='ltr'><strong>duces</strong></span> <span class='ocrx_word' id='word_1_284' title='bbox 447 4021 485 4086; x_wconf 89' lang='lat' dir='ltr'><strong>dc</strong></span> <span class='ocrx_word' id='word_1_285' title='bbox 502 4019 598 4102; x_wconf 78' lang='lat' dir='ltr'><strong>Teclr,</strong></span> <span class='ocrx_word' id='word_1_286' title='bbox 621 4021 752 4087; x_wconf 85' lang='lat' dir='ltr'><strong>comites</strong></span> <span class='ocrx_word' id='word_1_287' title='bbox 773 4022 812 4087; x_wconf 94' lang='lat' dir='ltr'><strong>de</strong></span> <span class='ocrx_word' id='word_1_288' title='bbox 826 4019 1035 4107; x_wconf 86' lang='lat' dir='ltr'><strong>Wirtenberg</strong></span> <span class='ocrx_word' id='word_1_289' title='bbox 1057 4019 1188 4085; x_wconf 85' lang='lat' dir='ltr'><strong>diversis</strong></span> <span class='ocrx_word' id='word_1_290' title='bbox 1204 4018 1307 4085; x_wconf 87' lang='lat' dir='ltr'><strong>modis</strong></span> 
     </span>
    </p>
   </div>
   <div class='ocr_carea' id='block_1_4' title="bbox 155 4123 1324 4547">
    <p class='ocr_par' dir='ltr' id='par_1_5' title="bbox 155 4123 1324 4547">
     <span class='ocr_line' id='line_1_36' title="bbox 155 4123 1307 4212; baseline -0.003 -21"><span class='ocrx_word' id='word_1_291' title='bbox 155 4125 356 4191; x_wconf 82' lang='lat' dir='ltr'><strong>infestabant</strong></span> <span class='ocrx_word' id='word_1_292' title='bbox 387 4123 574 4206; x_wconf 88' lang='lat' dir='ltr'><strong>Ulmenses,</strong></span> <span class='ocrx_word' id='word_1_293' title='bbox 605 4126 683 4212; x_wconf 89' lang='lat' dir='ltr'><strong>ipsis</strong></span> <span class='ocrx_word' id='word_1_294' title='bbox 714 4125 963 4212; x_wconf 86' lang='lat' dir='ltr'><strong>infatigabiliter</strong></span> <span class='ocrx_word' id='word_1_295' title='bbox 994 4125 1128 4210; x_wconf 90' lang='lat' dir='ltr'><strong>inceptis</strong></span> <span class='ocrx_word' id='word_1_296' title='bbox 1158 4124 1307 4209; x_wconf 90' lang='lat' dir='ltr'><strong>operibus</strong></span> 
     </span>
     <span class='ocr_line' id='line_1_37' title="bbox 155 4229 1307 4318; baseline -0.003 -20"><span class='ocrx_word' id='word_1_297' title='bbox 155 4229 348 4298; x_wconf 81' lang='lat' dir='ltr'><strong>moeniorum</strong></span> <span class='ocrx_word' id='word_1_298' title='bbox 371 4235 404 4296; x_wconf 89' lang='lat' dir='ltr'><strong>et</strong></span> <span class='ocrx_word' id='word_1_299' title='bbox 418 4231 556 4296; x_wconf 89' lang='lat' dir='ltr'><strong>turrium</strong></span> <span class='ocrx_word' id='word_1_300' title='bbox 572 4254 609 4298; x_wconf 89' lang='lat' dir='ltr'><strong>ac</strong></span> <span class='ocrx_word' id='word_1_301' title='bbox 622 4231 761 4298; x_wconf 71' lang='lat' dir='ltr'><strong>ecclesiae</strong></span> <span class='ocrx_word' id='word_1_302' title='bbox 776 4232 877 4297; x_wconf 84' lang='lat' dir='ltr'><strong>beatae</strong></span> <span class='ocrx_word' id='word_1_303' title='bbox 891 4229 1038 4318; x_wconf 90' lang='lat' dir='ltr'><strong>Virginis</strong></span> <span class='ocrx_word' id='word_1_304' title='bbox 1054 4229 1307 4316; x_wconf 88' lang='lat' dir='ltr'><strong>persistentibus,</strong></span> 
     </span>
     <span class='ocr_line' id='line_1_38' title="bbox 155 4335 1308 4424; baseline -0.003 -20"><span class='ocrx_word' id='word_1_305' title='bbox 155 4337 240 4404; x_wconf 90' lang='lat' dir='ltr'><strong>sicut</strong></span> <span class='ocrx_word' id='word_1_306' title='bbox 262 4337 422 4422; x_wconf 89' lang='lat' dir='ltr'><strong>quondam</strong></span> <span class='ocrx_word' id='word_1_307' title='bbox 452 4337 512 4402; x_wconf 87' lang='lat' dir='ltr'><strong>filii</strong></span> <span class='ocrx_word' id='word_1_308' title='bbox 535 4335 634 4404; x_wconf 88' lang='lat' dir='ltr'><strong>Israel</strong></span> <span class='ocrx_word' id='word_1_309' title='bbox 657 4361 721 4404; x_wconf 91' lang='lat' dir='ltr'><strong>non</strong></span> <span class='ocrx_word' id='word_1_310' title='bbox 744 4341 891 4404; x_wconf 88' lang='lat' dir='ltr'><strong>curantes</strong></span> <span class='ocrx_word' id='word_1_311' title='bbox 914 4336 1057 4424; x_wconf 88' lang='lat' dir='ltr'><strong>gentium</strong></span> <span class='ocrx_word' id='word_1_312' title='bbox 1081 4335 1308 4420; x_wconf 87' lang='lat' dir='ltr'><strong>impedimenta</strong></span> 
     </span>
     <span class='ocr_line' id='line_1_39' title="bbox 155 4440 1324 4547; baseline -0.002 -38"><span class='ocrx_word' id='word_1_313' title='bbox 155 4463 267 4509; x_wconf 87' lang='lat' dir='ltr'><strong>muros</strong></span> <span class='ocrx_word' id='word_1_314' title='bbox 288 4447 320 4508; x_wconf 90' lang='lat' dir='ltr'><strong>et</strong></span> <span class='ocrx_word' id='word_1_315' title='bbox 342 4446 447 4508; x_wconf 88' lang='lat' dir='ltr'><strong>turres</strong></span> <span class='ocrx_word' id='word_1_316' title='bbox 463 4441 641 4510; x_wconf 87' lang='lat' dir='ltr'><strong>Jerusalem</strong></span> <span class='ocrx_word' id='word_1_317' title='bbox 663 4447 696 4509; x_wconf 89' lang='lat' dir='ltr'><strong>et</strong></span> <span class='ocrx_word' id='word_1_318' title='bbox 718 4441 874 4526; x_wconf 89' lang='lat' dir='ltr'><strong>templum</strong></span> <span class='ocrx_word' id='word_1_319' title='bbox 889 4440 1134 4530; x_wconf 74' lang='lat' dir='ltr'><strong>aedificaverunt,</strong></span> <span class='ocrx_word' id='word_1_320' title='bbox 1157 4443 1194 4505; x_wconf 90' lang='lat' dir='ltr'><strong>ut</strong></span> <span class='ocrx_word' id='word_1_321' title='bbox 1208 4443 1324 4547; x_wconf 53' lang='lat' dir='ltr'><strong>patrat:</strong></span> 
     </span>
    </p>
   </div>
   <div class='ocr_carea' id='block_1_5' title="bbox 0 0 1540 4936">
    <p class='ocr_par' dir='ltr' id='par_1_6' title="bbox 0 0 1540 4936">
     <span class='ocr_line' id='line_1_40' title="bbox 0 0 1540 4936; baseline 0 0"><span class='ocrx_word' id='word_1_322' title='bbox 0 0 1540 4936; x_wconf 95' lang='lat' dir='ltr'><strong> </strong></span> 
     </span>
    </p>
   </div>
  </div>
 </body>
</html>
