2996 4924
736 305 776 369 14

274 499 312 538 ¹⁶⁶
339 479 377 546 In
399 481 522 546 deserto
544 480 691 548 Joacbim
711 481 843 568 jugibus
865 483 1009 562 vacabat,

338 585 427 652 Tunc
450 588 648 653 orationibus
670 609 840 654 corsuum
863 589 1055 668 macerabat,

338 690 478 778 Vigiliis,
501 693 628 758 ieiuniis
651 697 683 759 εὴ
705 694 873 760 dovotione

337 797 471 864 Carnem
494 820 584 862 suam
606 798 749 863 crucians
771 799 999 884 castigatione3

339 902 425 968 Raro
448 925 573 989 quoque
595 905 789 984 comedebat,
812 905 914 970 rarius
937 905 1079 986 bibebat,

274 1029 312 1066 uu
339 1010 384 1074 Et
406 1009 446 1075 ab
470 1010 556 1074 omni
579 1033 654 1075 cure
676 1011 780 1075 carnis
803 1033 870 1077 sese
893 1011 1098 1089 retrahebat3

338 1113 424 1180 Raro
447 1137 521 1181 vero
543 1115 742 1200 loquebatur,
766 1118 819 1182 sed
842 1139 965 1201 semper
988 1116 1181 1181 lacrimando

338 1218 461 1286 Malum
482 1243 576 1286 suum
597 1221 819 1308 deplangebat,
843 1223 936 1288 deum
958 1223 1145 1302 invocando,

338 1322 385 1390 Ut
407 1348 480 1390 eum
503 1348 523 1390 a
545 1325 680 1392 tristitia
702 1349 760 1391 sua
781 1327 917 1392 liberare

337 1429 453 1512 Vellet,
477 1433 527 1496 vel
550 1455 569 1496 a
590 1454 721 1517 corpore
743 1434 928 1498 concederet
949 1435 1097 1519 migrare.

275 1553 313 1591 1⁶⁶
340 1534 430 1602 Servi
452 1559 526 1603 vero
549 1537 696 1604 Joachim
719 1539 861 1604 videntes
882 1539 1034 1603 tribulari
1099 1569 1101 1575 ⁸

338 1639 488 1722 Tantum,
512 1665 605 1706 suum
628 1642 802 1722 dominum,
826 1647 922 1728 atque
944 1643 1089 1723 cruciari,

337 1745 548 1812 decesserunt
569 1748 608 1812 ad
632 1770 714 1828 eum,
736 1748 842 1832 ipsum
864 1749 1078 1827 consolantur,

204 1915 210 1925 ,
337 1850 387 1917 Ne
409 1855 535 1918 tantum
558 1875 592 1918 se
615 1853 759 1938 affligere
781 1853 868 1932 velit,
893 1853 1114 1930 adhortantur.

336 1956 395 2023 Ille
417 1956 666 2022 consolationem
689 1957 811 2022 nullam
834 1957 1021 2041 acceptavit,

274 2083 311 2120 rm
339 2061 400 2128 Sed
423 2062 550 2128 fletibus
573 2067 606 2127 et
627 2063 766 2128 luctibus
789 2063 882 2127 deum
905 2063 1076 2144 invocavit,

339 2169 384 2236 Ut
406 2191 462 2234 sue
484 2169 609 2233 miserie
632 2169 682 2233 vel
704 2169 906 2233 misereretur

337 2272 398 2338 Vel
421 2273 563 2354 donaret,
587 2275 671 2360 quod
693 2297 750 2360 per
773 2267 907 2338 mortem
929 2274 993 2338 cito
1017 2277 1191 2358 raperetur.

184 2573 287 2658 Quod
306 2573 426 2645 Maria
455 2573 560 2666 virgo
579 2574 818 2646 'annuntiata
838 2573 913 2644 fuit
943 2573 1044 2667 patri
1071 2595 1138 2648 suo
1158 2571 1330 2645 Joaehim

483 2719 549 2790 per
576 2697 752 2790 angelum
780 2695 1021 2790 Raphaelem.
1136 2703 1145 2722 '

336 2905 397 2972 Sed
419 2906 631 2971 misericordie
654 2909 744 2990 pater
766 2905 923 2970 consolari

339 3013 512 3098 Nunquam
534 3017 636 3077 cessat
657 3013 798 3091 miseros,
821 3033 900 3096 quos
922 3012 969 3076 ita
991 3011 1139 3076 tribulari

274 3137 312 3174 12⁶
339 3117 496 3197 Intuetur,
520 3120 552 3181 et
574 3116 703 3180 exaudit
725 3115 829 3200 ipsum
853 3116 1044 3181 invocantes.

338 3225 420 3301 Quia
441 3245 605 3308 nunquam
628 3223 818 3306 derelinquit
840 3222 892 3287 hic
914 3223 946 3286 iu
970 3245 1002 3288 se
1025 3223 1196 3305 sperantes.

337 3329 389 3394 Ad
412 3329 517 3412 ipsum
540 3327 627 3392 misit
650 3328 799 3414 angelum
823 3328 860 3392 de
882 3328 957 3392 celis
981 3325 1175 3411 Raphaelem

337 3434 502 3500 Consolari
525 3432 715 3497 tribulatum
734 3433 857 3516 justum
880 3436 912 3497 et
935 3432 1069 3496 fidelem.

338 3525 483 3625 Raphael
505 3559 581 3623 ergo
605 3540 732 3603 veniens
755 3539 859 3622 ipsum
883 3537 1047 3616 salutavit,

273 3667 311 3706 1⁸⁰
339 3647 451 3712 Pacem
475 3649 572 3730 atque
594 3645 747 3730 gaudium
769 3645 830 3708 sibi
854 3643 1016 3708 nuntiavit

337 3753 469 3818 Dicens:
495 3748 592 3828 >Aua
616 3748 773 3827 Joaohim,
801 3771 820 3813 0
844 3749 943 3812 amice
966 3747 1034 3812 dei!

338 3857 429 3924 Salus
453 3859 549 3940 atque
571 3855 722 3940 gaudium
746 3853 937 3937 sempiterne
959 3853 1026 3937 spei

337 3963 432 4030 Nunc
454 3967 486 4028 et
508 3963 542 4026 in
565 3965 752 4046 perpetuum
774 3959 835 4024 tibi
858 3959 901 4024 sit
923 3983 942 4023 a
964 3959 1043 4023 deo!

336 4069 407 4135 Hoc
429 4067 541 4134 salutis
564 4067 714 4131 nuntium
737 4063 777 4129 ab
800 4085 854 4130 ore
876 4086 964 4129 sume
987 4065 1076 4128 meo!

657 4238 659 4244 ·
743 4209 761 4250 ss

258 4319 307 4372 155
327 4315 347 4369 (l
365 4314 477 4384 iugibus
496 4311 631 4368 Jcachim.
742 4309 796 4364 156.
809 4308 837 4362 M
856 4309 884 4362 et
903 4323 931 4361 se
950 4307 1022 4360 statt
1042 4321 1088 4360 eor
1108 4321 1201 4358 suum.

180 4403 321 4461 anelo.
395 4403 445 4457 179
463 4401 483 4456 G
502 4401 575 4457 fehlt
593 4415 669 4468 ergo.
743 4398 793 4452 184
813 4393 834 4449 0
855 4395 942 4466 Hujus
962 4392 1072 4448 salutis.
