3072 4936
695 373 757 438 117

149 553 197 613 tes
221 548 253 612 in
278 549 367 614 urbis
398 549 485 612 illius
509 549 736 614 constitutione
764 551 891 613 donrum
921 551 957 614 in
990 573 1028 616 ea
1059 551 1122 616 sibi
1143 553 1300 618 munitam

146 653 392 727 aedificaverunt,
412 676 483 737 quae
499 653 594 718 hodie
610 655 726 718 dicitur
749 655 797 718 uff
816 655 871 720 dor
886 655 988 736 Vesti¹
1012 657 1101 721 iuxta
1115 659 1301 741 praetorium

152 765 185 823 et
208 759 429 824 cancellariam
453 759 609 838 civitatis,
639 760 671 823 in
696 781 759 844 quo
789 761 859 825 loco
882 745 966 826 nunc
989 766 1037 825 est
1059 763 1171 827 domus
1194 763 1302 848 lignea

147 869 181 928 et
203 863 378 949 hospitium
402 864 565 948 publicum
584 865 603 928 ¹.
650 863 791 928 Tandem
815 870 921 930 autem
944 865 1121 930 infortunio
1144 867 1223 931 tacti
1246 868 1301 932 de-

147 969 241 1033 ficere
270 969 304 1032 in
327 969 508 1034 substantia
540 974 713 1052 oeperunt,
748 971 829 1034 unde
860 971 1133 1054 negotiationibus
1162 973 1302 1037 animum

146 1075 258 1138 dantes
280 1073 456 1138 necessaria
478 1073 540 1137 sibi
567 1075 822 1158 conquaerebant.
869 1074 1012 1140 Necdum
1035 1082 1104 1141 erat
1125 1077 1302 1142 incivitate

149 1177 296 1244 Ulmensi
320 1178 456 1242 civilitas
488 1178 546 1242 illa
568 1201 638 1262 quae
660 1179 754 1243 hodie
776 1184 842 1254 est,
875 1181 928 1244 sed
952 1181 1088 1265 quilibet
1119 1182 1301 1266 negotiator

149 1284 235 1348 inter
258 1283 392 1347 maiores
417 1285 634 1367 reputabatur.
682 1283 791 1348 Posito
814 1289 920 1348 autem
940 1285 1027 1349 illius
1050 1286 1302 1370 politiaeordine

149 1390 270 1472 placuit
291 1389 427 1473 Greggis
449 1389 483 1452 in
500 1389 699 1453 zunlltalium
722 1413 853 1454 numero
869 1413 1006 1469 manere,
1030 1397 1066 1455 ut
1090 1391 1221 1456 liberius
1236 1391 1302 1456 suis

151 1499 280 1578 possent
302 1516 414 1558 vacare
436 1493 583 1578 negotiis.
630 1494 729 1558 Porro
761 1499 834 1578 post
856 1495 1008 1579 temporis
1038 1497 1203 1560 decursum
1231 1519 1302 1561 oum

151 1599 267 1662 iterum
285 1598 415 1663 divitias
431 1605 662 1683 aggregassent
676 1604 708 1662 et
723 1599 835 1682 inclyti
851 1599 930 1664 lacti
947 1603 1060 1680 esseut
1085 1602 1119 1664 in
1134 1601 1303 1666 tertiorum

151 1703 295 1766 ordinem
328 1705 493 1769 ascendere
516 1707 732 1784 conabantur,
764 1707 817 1769 sed
851 1728 914 1770 non
939 1711 1105 1790 poterant,
1138 1708 1214 1791 quia
1237 1709 1300 1772 iam

151 1815 279 1874 cautum
303 1814 388 1887 erat,
419 1833 459 1874 ne
482 1811 553 1895 quis
576 1810 725 1874 annitalis
756 1811 789 1874 in
813 1835 883 1875 eum
908 1817 1120 1880 assumeretur
1150 1812 1301 1879 ordinem.

149 1912 245 1980 Unde
260 1938 331 1979 cum
353 1916 435 1998 apud
454 1916 537 1980 cives
560 1917 715 1980 instantia
737 1939 845 1980 eorum
869 1917 950 1980 nihil
967 1917 1142 2002 proficeret,
1167 1919 1303 2000 impera·
1372 1932 1376 1938 '

151 2021 233 2085 toris
257 2019 282 2084 F
285 2021 409 2085 riderici
432 2023 517 2086 tertii
545 2022 797 2106 imploraverunt
817 2023 980 2100 auxilium,
1005 2027 1037 2087 et
1052 2023 1162 2086 multis
1184 2022 1304 2086 habitis

150 2127 297 2209 expensis
320 2127 351 2190 in
377 2132 511 2210 utraque
533 2131 633 2209 parte,
656 2131 842 2190 manserunt
865 2125 985 2212 Greggi
1015 2126 1062 2190 illi
1085 2125 1243 2190 auuftales
1267 2131 1299 2189 et

155 2231 250 2295 hodie
272 2235 361 2311 eunt,
394 2232 514 2296 divitiis
537 2231 651 2295 officiis
674 2235 706 2295 et
728 2231 902 2297 honoribus
925 2232 1090 2310 florentes,
1118 2231 1202 2295 inter
1225 2253 1304 2315 quos

151 2337 246 2400 valde
273 2341 415 2400 maturos
438 2342 471 2401 et
501 2338 670 2421 prudentes
694 2337 829 2400 vidimus
857 2337 950 2402 viros.
999 2337 1045 2400 De
1076 2337 1191 2420 quibus
1214 2341 1305 2400 erant

152 2442 302 2522 magistri
333 2441 533 2518 turritanum,
562 2441 698 2520 iudices,
731 2443 895 2518 consules,
919 2443 1127 2506 comitatuum
1152 2441 1302 2524 praefecti,

155 2546 308 2624 unitores,
331 2547 479 2630 quintini,
502 2546 642 2610 civitatis
665 2547 904 2612 ratiocinatores
928 2553 985 2612 etc.

630 2721 787 2788 Renzen
809 2725 830 2788 ².

246 2858 475 2924 llenzensium³
499 2860 621 2924 familia
643 2861 720 2924 adeo
743 2861 887 2940 honesta,
907 2867 944 2924 ut
967 2884 1089 2945 semper
1114 2861 1217 2926 habiti
1241 2861 1305 2924 sint

154 2965 323 3029 tertiorum
356 2971 389 3030 et
411 2966 566 3030 nobilium
589 2965 665 3029 socii
698 2967 807 3050 eisque
836 2965 1002 3029 manubiis
1035 2966 1135 3030 iuncti
1160 2988 1222 3030 non
1247 2964 1304 3029 ob-

152 3073 262 3134 stante
275 3069 487 3134 zunftalitate.
537 3069 579 3132 Hi
595 3071 635 3134 ad
656 3069 869 3134 differentiam
884 3069 1039 3133 nobilium
1063 3069 1198 3133 aliorum
1221 3067 1305 3132 eius-

153 3175 227 3239 dem
251 3175 387 3239 nominis
418 3179 553 3240 stemma
584 3175 706 3239 habent
737 3174 814 3239 satis
838 3175 1011 3258 egregium.
1058 3173 1194 3257 Clypeus
1221 3171 1306 3236 enim

153 3301 264 3343 eorum
287 3301 435 3363 campum
458 3285 515 3345 aut
536 3281 734 3364 superficiem
757 3280 854 3344 habet
876 3283 1061 3364 argenteam
1083 3279 1117 3342 in
1139 3301 1203 3362 qua
1225 3301 1304 3360 pan-

152 3385 249 3450 thera
271 3386 369 3450 rubea
391 3385 534 3464 videtur,
558 3385 711 3464 irascens,
736 3391 858 3463 erecta,
882 3384 1021 3450 extensis
1044 3385 1081 3449 ad
1107 3383 1307 3448 lacerandum

155 3490 336 3572 unguibus,
369 3496 401 3554 et
423 3489 526 3554 hianti
549 3513 603 3555 ore
635 3491 755 3554 nudum
789 3490 951 3554 hominem
977 3491 1101 3554 videtur
1132 3489 1307 3567 devorasse,

154 3596 212 3680 qui
236 3599 273 3660 ut
295 3595 378 3660 alter
393 3594 493 3660 Jonas
517 3596 679 3661 daventre
701 3596 810 3661 bestiae
826 3617 998 3682 exsurgens
1021 3597 1054 3660 in
1076 3595 1183 3660 fauces
1199 3616 1305 3659 ascen-

153 3701 223 3780 dit,
252 3723 445 3785 manumque
475 3701 591 3766 nudam
622 3724 695 3767 cum
723 3701 853 3766 brachio
883 3723 940 3785 per
961 3705 1117 3766 serratum
1151 3721 1186 3764 os
1217 3699 1308 3784 quasi

725 3837 743 3876 a

230 3935 244 3988 1
266 3934 420 4004 Hospitium
440 3935 492 3991 hoc
508 3935 626 3991 Senatus
641 3935 717 4007 Reip.
739 3936 809 3991 Vlm.
830 3937 899 3990 amit
920 3935 947 3989 d.
966 3935 998 3989 15
1017 3935 1076 3989 Juli
1097 3935 1164 3990 1668
1182 3951 1232 4004 pro
1251 3931 1308 3988 flor.

157 4024 237 4079 3150.
273 4022 341 4077 cor.
361 4041 407 4078 am
426 4025 522 4080 rande.
560 4024 631 4080 Besa.
650 4023 765 4088 ebenso,
797 4043 851 4081 von
874 4024 924 4078 der
947 4021 1075 4093 gleieban
1093 4021 1169 4076 hand
1189 4021 1240 4074 nie
1258 4019 1308 4073 das

157 4127 248 4181 ganne
268 4111 449 4180 manuscript.
486 4110 542 4164 Das
567 4109 696 4180 ghsschen
716 4111 810 4164 hinter
828 4111 891 4164 dem
905 4111 1039 4164 rathause
1051 4107 1131 4164 heillt
1143 4107 1226 4161 haute
1240 4105 1309 4160 noch

156 4198 209 4252 das
228 4197 427 4268 reatgltllchem
447 4197 505 4252 und
523 4197 560 4253 da
578 4217 637 4253 war
657 4200 728 4253 auch
747 4199 777 4252 in
796 4199 874 4252 alten
893 4197 984 4252 aeiten
1003 4197 1052 4250 der
1075 4191 1308 4252 »berrenlreller«,

157 4286 202 4341 ein
223 4285 375 4356 hospitium
394 4285 553 4355 publicum,
579 4283 756 4341 offentliches
784 4285 941 4340 wirtshaua.
1012 4285 1029 4337 2
1058 4283 1183 4336 Rentaan
1210 4275 1309 4331 Sehad.

159 4373 244 4429 Wibl.
265 4373 310 4430 Kl.
324 4373 444 4428 Schmid.
483 4373 522 4429 De
537 4375 722 4430 beccensibus
735 4373 802 4430 Golr.
818 4373 889 4428 Rasa.
928 4373 968 4427 De
981 4367 1183 4426 Rentaensibus
1197 4365 1269 4420 Mon.
1283 4365 1308 4420 2.

158 4465 175 4516 3
194 4463 344 4518 Rantaium
362 4461 436 4520 Mon.
456 4464 479 4516 2.

211 4569 340 4609 'tractetur
354 4568 383 4609 de
398 4568 497 4608 elrltats
514 4567 623 4608 ulmsnel.
1036 4575 1039 4582 ·
1086 4561 1103 4616 8
