3080 4938
697 370 738 435 47

139 553 197 618 illa
213 576 314 638 nsque
330 553 369 617 ad
387 551 503 616 turrim
519 549 662 614 Rubeam
679 548 807 633 respicit
822 547 934 612 ciuitas
951 569 968 611 e
983 546 1111 630 regione
1129 548 1293 626 orientem,

140 663 172 724 et
195 681 292 742 snpra
314 681 383 723 earn
408 656 524 721 deserit
546 655 713 720 Danubius
737 675 864 718 murum
887 657 1019 738 tangere
1040 653 1238 732 exteriorem,
1262 657 1294 718 et

140 764 229 828 infra
253 785 320 828 eam
345 765 393 827 est
415 760 572 826 fossatum
596 781 679 844 aqna
702 759 808 824 Blanii
831 758 970 842 plenum,
994 758 1069 842 quia
1085 756 1217 823 Blauius
1232 758 1294 824 fln-

142 869 213 934 vius
236 867 505 952 circumplectitur
527 886 643 950 gyrum
666 865 805 928 ciuitatis
828 887 847 928 a
869 861 1019 927 Danubio
1041 862 1074 926 in
1097 863 1293 944 Danubium,

140 979 173 1038 et
195 975 295 1058 ipsam
320 971 482 1036 ciuitatem
505 969 608 1048 alluit,
631 975 668 1034 ut
690 970 822 1054 patebit.

230 1077 268 1142 In
290 1077 394 1161 spatio
417 1076 520 1140 medio
542 1076 627 1139 inter
642 1079 767 1159 portam
785 1073 954 1158 praefatam
970 1077 1003 1138 et
1018 1075 1130 1138 turrim
1149 1072 1294 1139 Rubeam

141 1184 247 1249 estin
272 1203 363 1246 muro
379 1181 528 1246 exteriori
543 1203 642 1245 unum
658 1181 943 1267 propugnaculum.
990 1180 1101 1244 Turris
1118 1179 1231 1244 Rubea
1246 1184 1294 1246 est

141 1311 198 1353 arx
225 1287 291 1350 alta
313 1290 345 1350 et
368 1285 461 1349 firma
483 1285 517 1348 in
540 1306 639 1350 cornu
661 1285 801 1349 civitatis
824 1289 937 1364 erecta,
962 1284 1017 1349 ubi
1040 1285 1080 1348 ab
1097 1286 1219 1350 oriente
1242 1308 1292 1350 re·

140 1393 280 1458 flectitur
304 1392 338 1455 in
362 1390 552 1476 aquilonem,
577 1390 705 1454 dorsum
728 1389 879 1454 Danubio
906 1390 993 1454 dans.
1040 1389 1077 1454 ln
1105 1389 1166 1454 hoc
1195 1412 1292 1454 cornu

140 1498 182 1562 ab
204 1496 291 1561 intra
312 1497 346 1560 in
370 1497 499 1561 civitate
521 1500 569 1560 est
602 1497 880 1560 armamentarium
913 1495 1079 1560 ciuitatis¹
1109 1497 1230 1580 grande
1261 1501 1293 1561 et

142 1603 297 1667 refertum
319 1601 458 1686 ingeniis
481 1606 513 1666 et
534 1601 755 1666 instrumentis
777 1601 918 1679 bellicis,
944 1601 984 1665 ab
1007 1605 1097 1666 extra
1120 1623 1195 1667 uero
1217 1608 1293 1667 sunt

143 1706 385 1792 propugnacula
408 1709 440 1770 et
463 1728 559 1770 unum
584 1705 777 1769 fortalitium
801 1704 976 1789 pectorale,
1008 1704 1042 1768 in
1072 1705 1161 1770 cuius
1189 1707 1292 1771 medio

143 1816 210 1876 stat
232 1809 445 1876 defensoriam
467 1810 606 1890 firmum,
631 1810 714 1894 quod
738 1811 815 1874 olim
841 1809 1004 1876 Ulmenses
1022 1811 1165 1876 lecerunt
1181 1817 1292 1877 contra

141 1917 288 1981 timorem
300 1914 453 2000 Delphini
462 1915 546 2000 regis
556 1913 697 1978 Franciae
710 1917 742 1979 et
753 1912 1058 1993 Carmaniacorum¹,
1072 1915 1289 1999 quiAlsatiam

140 2022 365 2100 devastarunt,
389 2026 420 2086 et
444 2020 563 2085 abillo
589 2020 747 2084 fortalitio
770 2020 914 2085 fecerunt
938 2019 1057 2084 vallum
1080 2025 1113 2085 et
1135 2019 1290 2086 fossatum

141 2149 241 2212 usque
264 2127 297 2190 in
320 2125 503 2191 Danubium
527 2147 597 2210 quea
618 2127 682 2190 iam
705 2127 865 2190 destructa
886 2130 971 2190 sunt.
1018 2125 1047 2190 A
1071 2130 1159 2192 turre
1181 2125 1292 2193 Rubea

139 2239 253 2298 contra
275 2233 456 2318 aquilonem
479 2232 676 2317 procedendo
700 2237 790 2296 extra
806 2232 961 2296 fossatum
976 2235 1024 2296 est
1038 2231 1291 2298 candidatorium

139 2341 173 2403 et
196 2338 327 2424 grandis
350 2337 485 2402 latitudo
517 2342 698 2422 pratorum,
730 2359 801 2422 quae
832 2359 888 2420 per
918 2359 1034 2421 gyrum
1064 2337 1185 2402 fossato
1208 2361 1291 2422 aqua

140 2443 215 2508 viva
238 2443 333 2527 pleno
355 2443 475 2507 vallata
497 2447 563 2522 est,
594 2447 626 2507 et
655 2443 689 2507 in
712 2465 750 2508 ea
771 2441 942 2508 latitudine
963 2443 1170 2508 candicantur
1191 2445 1289 2528 panni

140 2545 332 2632 bombycini,
357 2547 411 2632 qui
428 2546 626 2613 vascanicoe⁵
643 2548 801 2628 dicuntur,
824 2569 956 2613 numero
972 2548 1111 2614 maximo
1126 2571 1182 2633 per
1197 2554 1290 2614 aesta-

137 2656 213 2717 tem.
259 2649 297 2717 ln
321 2653 538 2738 negotiatione
554 2651 682 2717 illorum
698 2675 876 2739 pannorum
892 2654 1071 2738 respublica
1086 2651 1287 2720 Ulmensium

138 2756 222 2822 miro
245 2759 339 2824 modo
372 2757 507 2843 profecit
536 2758 628 2822 annis
657 2760 925 2843 precedentibus,
959 2761 997 2825 de
1030 2759 1174 2845 quolibet
1204 2761 1290 2826 enim

138 2885 246 2946 panno
268 2865 384 2929 cedunt
406 2866 440 2927 in
462 2885 553 2928 usum
578 2863 759 2948 reipublicae
789 2865 828 2929 ad
857 2865 963 2930 minus
996 2871 1060 2930 tres
1082 2887 1122 2932 ss.
1156 2865 1286 2952 [solidi],

138 2971 278 3052 suntque
300 2968 397 3052 panni
419 2967 506 3032 ultra
528 2989 642 3032 novem
659 2969 747 3034 milia
759 2969 781 3034 ⁴.
829 2968 931 3053 Supra
946 2969 1065 3034 fossata
1081 2969 1387 3049 candidatorii,{{⁰¹;¹,·„

139 3095 204 3138 non
230 3073 366 3158 longea
397 3071 519 3138 fossato
551 3073 689 3137 civitatis
723 3079 771 3138 est
801 3073 1059 3139 terebraculum⁶
1089 3075 1387 3156 edificatum,„‘,³,⁰,¹‘t·,¹

139 3178 331 3244 domuncula
353 3200 423 3244 cum
448 3182 528 3257 rota,
552 3200 623 3262 quae
646 3199 729 3262 aqua
751 3180 904 3264 agitatur,
928 3184 961 3244 et
975 3181 1020 3244 ibi
1036 3179 1143 3245 trabes
1164 3203 1289 3266 magnae

138 3282 343 3369 perforantur
359 3287 391 3348 et
414 3283 563 3348 dolantur
578 3283 703 3348 terebro
718 3281 867 3369 eingenti
879 3285 1070 3350 industriose
1082 3307 1172 3370 aquae
1188 3289 1287 3350 motu.

138 3389 188 3454 Ex
212 3389 358 3474 opposito
381 3389 571 3454 terebraculi
593 3389 680 3454 ultra
702 3390 841 3454 civitatis
865 3391 1016 3455 fossatum
1042 3391 1075 3454 in
1092 3413 1183 3456 muro
1199 3392 1288 3456 urbis

138 3499 187 3560 est
210 3495 339 3558 bassum
363 3492 573 3575 fortalitium,
605 3495 689 3578 quod
722 3495 889 3559 nominant
922 3495 1037 3560 turrim
1060 3495 1249 3560 Theoderici
1265 3495 1288 3574 ⁷,

139 3601 195 3684 qui
219 3599 282 3664 fuit
303 3599 429 3678 artilex,
453 3599 591 3685 fecitque
614 3603 648 3664 in
671 3623 707 3666 eo
731 3601 965 3681 molendinum,
993 3601 1026 3666 in
1057 3623 1121 3687 quo
1150 3601 1290 3686 pulveri-

705 3741 722 3778 2

212 3833 302 3890 lDas
321 3833 474 3904 Zengbans.
564 3835 651 3892 2Die
670 3837 852 3907 Armagnace.
908 3838 1081 3894 Bvastaniee
1093 3839 1167 3895 Mon.
1182 3840 1204 3894 1.
1243 3857 1291 3896 ra·

138 3923 256 3979 stanieaa
274 3921 373 3979 Sebad.
393 3923 436 3979 Kl.
455 3923 535 3980 Gold.
554 3927 608 3989 nt..
632 3943 675 3981 uo
695 3925 736 3979 als
756 3925 869 3980 variana
888 3927 1045 3981 vescanicoe.
1081 3927 1165 3982 Wibl.
1186 3927 1288 3983 batim

137 4014 214 4068 text:
239 4010 288 4080 qui
306 4009 442 4068 Goldasto
468 4013 620 4068 vascanicae
638 4013 777 4068 dicuntur.
815 4013 854 4068 Dr
873 4014 949 4070 Buclr
973 4017 1125 4080 vermutet,
1150 4017 1201 4070 das
1220 4020 1290 4074 wart

138 4099 252 4158 komme
271 4117 326 4156 von
340 4099 485 4165 Vasconis,
498 4100 655 4172 aucegae
674 4103 786 4172 genabo
802 4103 873 4158 nach
887 4103 1078 4159 vasconischer
1094 4107 1147 4159 art.
1183 4105 1290 4160 tultra

139 4187 176 4241 lx
197 4185 278 4240 milia
297 4186 371 4244 Mon
391 4189 413 4242 1.
450 4189 528 4244 ultra
547 4207 646 4246 novem
666 4189 757 4244 millia
775 4188 837 4244 Sch.
859 4191 903 4245 Kl.
922 4190 1005 4244 Wibl.
1043 4191 1121 4246 ultra
1142 4190 1189 4246 LX
1207 4191 1286 4250 Gold.

139 4275 181 4329 nt.
200 4273 234 4342 (11
253 4277 326 4330 statt
345 4275 375 4347 l).
445 4277 671 4332 5terbraeulum
690 4279 763 4335 Mon.
785 4281 808 4332 1.
843 4277 1048 4334 terebraeulnm
1069 4277 1130 4334 Scb.
1147 4279 1187 4333 Kl.
1203 4280 1287 4334 Wibl.

139 4362 355 4418 tabernaculam
367 4363 448 4421 Gold.
461 4367 501 4421 nt.
547 4367 564 4420 6
577 4366 688 4422 terebro
700 4365 793 4422 haben
806 4366 870 4430 alls,
889 4365 942 4422 soll
955 4366 1027 4422 wohl
1047 4366 1154 4422 heissen
1168 4367 1287 4421 terebra.

139 4455 154 4508 7
176 4449 427 4507 Dieterichsthurm
447 4471 468 4508 s.
487 4451 596 4519 nomer,
615 4453 779 4512 Gesebichte
797 4453 846 4510 der
865 4454 979 4525 lestnng
998 4453 1073 4519 Ulm,
1091 4471 1112 4511 s.
1130 4455 1172 4510 37.
