2996 4924
669 384 710 456 17

205 583 244 622 πω
269 563 311 631 Hi
335 565 384 632 sui
408 588 518 632 cursus
542 565 682 631 ordinem
704 569 833 630 serrant
856 563 1042 645 oberrando,

266 671 396 758 Speram
419 673 530 738 mundi
552 672 781 756 perlustrantes
804 671 996 736 concordant
1019 671 1236 736 discordando.

266 777 315 843 Ex
336 777 387 843 his
411 779 473 842 duo
495 778 617 842 lumine
639 798 758 863 magna
780 777 932 856 statuisti,

268 885 318 948 Ad
339 884 586 948 illuminandum
610 883 762 947 mundum
785 903 822 947 ea
845 882 1028 952 distinxisti.

267 988 435 1054 Elementa
458 993 597 1073 quatuor
620 1011 639 1052 a
661 992 693 1053 te
716 992 791 1053 sunt
814 993 921 1053 creata

199 1113 240 1150 neo
266 1092 328 1158 Per
349 1115 411 1178 que
432 1098 508 1158 sunt
530 1093 670 1159 virentia
692 1097 805 1158 cuncta
827 1097 987 1158 naturate.

266 1198 421 1286 Magnum
444 1203 540 1284 atque
563 1199 739 1284 spatiosum
762 1221 849 1264 mare
871 1203 907 1264 tu
929 1199 1040 1263 oreast'

266 1303 310 1368 Et
331 1327 426 1389 super
449 1304 599 1389 abyssum
623 1305 689 1368 eius
712 1308 830 1369 terram
853 1309 889 1369 tu
913 1302 1064 1369 fundasti.

266 1409 380 1489 Pisces,
403 1413 557 1489 monstra,
579 1408 689 1474 beluas
713 1411 895 1474 innumeras
918 1411 951 1473 in
974 1409 1065 1487 mari,

266 1513 310 1579 Et
334 1537 428 1600 super
452 1519 570 1582 terram
595 1515 713 1578 bestius
735 1519 768 1579 et
789 1537 902 1599 peoora
923 1514 1023 1579 ereari

201 1637 242 1674 ποι
269 1611 314 1683 Et
335 1623 440 1684 oetera
464 1617 602 1684 viventia
624 1618 700 1682 deus
723 1619 874 1698 statuisti,

269 1723 313 1788 Et
335 1725 480 1790 volucres
502 1725 535 1788 in
559 1746 630 1789 aere
652 1723 759 1788 volere
781 1723 921 1789 voluisti.

268 1828 335 1895 Heo
357 1834 472 1896 ounota
494 1852 552 1894 suo
574 1834 725 1914 tempore,
749 1834 782 1894 te
803 1831 931 1894 domiuo
954 1830 1092 1906 iubente,

268 1933 365 2000 Fetus
389 1957 463 2000 suos
485 1934 662 2020 proferunt,
685 1938 801 1998 natura
822 1936 1028 2012 eoncedente3

273 2039 380 2125 Atque
403 2062 503 2126 genus
525 2040 692 2105 hominum
715 2039 841 2125 quando
863 2041 1031 2106 condidisti
1117 2081 1123 2098 ι

200 2165 243 2202 2⁷⁰
272 2144 480 2231 Multiplieari
503 2147 541 2210 de
563 2167 620 2210 suo
642 2147 761 2212 semine
784 2145 915 2210 iussisti.

268 2249 366 2316 Terra
388 2252 509 2336 profert
531 2273 660 2337 germen
683 2273 774 2315 suum
797 2251 968 2316 herbamm
991 2252 1198 2332 diversarum,

267 2353 467 2441 Lignumque
488 2355 678 2440 pomiferum
701 2357 851 2420 arborum
874 2357 1057 2436 multarum,

181 2479 186 2492 ·
268 2459 376 2527 Unum
400 2463 547 2547 quodque
569 2483 675 2526 remen
698 2483 791 2526 suum
813 2461 935 2545 profert
958 2465 1116 2546 oportuno

216 2553 222 2564 ’
270 2564 424 2651 Tempore
447 2568 603 2652 multique
625 2566 749 2632 fructus
772 2569 928 2651 prodeunt
951 2589 987 2632 er
1010 2589 1083 2632 uno.

197 2689 240 2728 m
267 2669 326 2752 Ve,
350 2693 398 2752 ve,
421 2671 501 2737 mihi
523 2673 653 2738 misere!
678 2694 825 2738 cursum
849 2694 909 2758 ego
933 2675 1033 2736 nete?

268 2775 339 2840 'l'uli
361 2799 436 2842 uem
459 2782 573 2843 nature
595 2779 678 2843 dono
701 2779 771 2843 sola
793 2800 863 2842 sum
886 2777 1031 2861 privata!

268 2879 327 2946 Pre
349 2885 460 2947 ceteris
484 2883 667 2949 hominibus
691 2883 806 2949 sterilis
830 2905 901 2948 sum
916 2883 1020 2960 facta3

269 2983 329 3050 Per
351 2985 411 3051 hoe
434 2989 468 3051 iu
490 2987 696 3072 obprobrium
720 3011 790 3054 sum
813 2989 981 3054 hominum
1004 2988 1147 3066 redacta·;

268 3087 327 3156 Sed
351 3092 563 3158 misericordie
586 3092 661 3157 deus
684 3094 861 3174 miserator,

198 3213 241 3252 2⁸0
268 3194 312 3260 lut
333 3201 519 3262 ounotorum
542 3199 730 3263 miserorum
753 3201 826 3284 pius'
847 3197 1038 3278 consolator,

268 3297 418 3367 Miserere
441 3303 502 3368 mei
525 3307 562 3368 tu
585 3303 711 3368 miserie
733 3302 874 3389 digneris
1075 3369 1079 3379 ,

268 3403 311 3469 Et
334 3428 384 3472 me
407 3408 503 3472 nimis
525 3407 713 3472 tribulatam
736 3408 873 3493 benigue
896 3407 1084 3472 consoleris!

268 3505 341 3574 Non
365 3533 415 3576 me
438 3513 541 3596 prives
565 3517 632 3577 tam
657 3513 739 3577 bono
763 3533 892 3577 munere
914 3517 1037 3592 nature,

270 3612 330 3679 Sed
352 3617 474 3702 prolem
499 3617 579 3682 mihi
602 3617 708 3682 tribue
730 3617 805 3682 deus
829 3619 993 3704 geniture3

199 3737 242 3774 ²⁸⁶
269 3719 350 3786 Mihi
373 3743 480 3787 sexum
506 3723 644 3808 aliquem
667 3723 789 3787 tribuas
812 3727 844 3788 et
866 3723 1005 3787 fructum

222 3899 225 3903 ¹
269 3821 398 3892 Ventris
421 3831 454 3892 et
475 3829 506 3892 in
530 3829 683 3913 gaudium
708 3831 855 3892 converte
878 3849 983 3891 meum
1007 3825 1166 3891 luotumle

678 3971 695 4011 *

177 4071 212 4126 V.
232 4069 285 4124 me
305 4068 377 4124 fehlt
397 4067 439 4124 bei
458 4069 485 4123 Ζ.
539 4071 589 4125 267
615 4071 707 4126 ZSed
727 4073 799 4126 statt
819 4070 882 4124 Hec.
954 4069 1006 4122 ‘286
1028 4069 1053 4122 M
1075 4073 1153 4126 rorte
1173 4069 1255 4126 michi

91 4162 228 4217 luctum.

148 4471 215 4512 Vltu
232 4469 306 4510 llario
