3080 4938
822 360 842 424 6

261 537 412 599 causante
435 554 581 598 errorem.
629 533 847 601 Nihilominus
870 539 976 602 tamen
1000 558 1109 602 omnes
1124 537 1266 604 locorum
1281 543 1313 604 et
1327 543 1408 605 tem-

257 661 371 724 porum
400 639 607 724 descriptores
630 662 704 706 suas
726 645 947 726 expresserunt
970 643 1143 726 opiniones,
1167 665 1246 728 quos
1262 667 1320 710 nos
1334 645 1407 710 imi·

258 749 380 824 tamur,
404 747 436 810 et
457 743 593 830 legimus
622 749 655 810 et
683 767 765 830 saepe
796 745 932 811 firmiter
953 750 1113 828 tenemus,
1145 748 1230 833 quod
1251 750 1314 835 ipsi
1336 773 1407 816 curn

256 847 427 914 formidine
458 853 491 915 et
513 851 674 936 opinative
703 849 852 916 dixerunt
874 851 913 916 de
944 853 1140 937 temporibus
1172 859 1204 920 et
1226 853 1313 920 locis.
1360 857 1409 922 Ea

256 975 333 1040 ergo
356 977 427 1039 quae
450 956 489 1022 de
513 956 637 1042 origine
652 955 792 1021 civitatis
808 953 970 1022 Ulmensis
988 957 1103 1038 dicam,
1126 963 1310 1025 sanctorum
1333 983 1408 1025 auc-

257 1059 388 1125 toritate
404 1061 554 1126 roborare
569 1084 702 1147 nequeo,
725 1067 781 1127 aut
796 1063 1002 1148 antiquorum
1019 1063 1283 1149 philosophorum
1304 1067 1407 1146 dictis,

256 1165 309 1230 sed
333 1167 628 1251 ex'appareutibus
658 1168 751 1232 nobis
773 1171 805 1233 et
836 1166 1045 1252 presentibus
1077 1173 1110 1234 et
1135 1171 1219 1236 notis
1249 1171 1405 1258 originem

259 1272 325 1336 eius
350 1271 496 1356 oppinari
518 1271 752 1338 rationabiliter
775 1293 951 1357 possumus.

344 1375 507 1462 Originem
537 1398 613 1462 ergo
650 1377 788 1442 civitatis
822 1375 983 1442 Ulmensis
1022 1381 1055 1442 et
1085 1379 1310 1464 antiquitatem
1341 1381 1408 1446 eius

256 1481 448 1568 investigare
480 1505 518 1547 ex
549 1482 672 1548 duobus
707 1506 894 1568 possumus,
928 1483 1048 1548 scilicet
1077 1507 1115 1549 ex
1146 1486 1275 1552 nomine
1306 1493 1340 1552 et
1371 1509 1408 1552 ex

257 1588 429 1653 situations
451 1588 527 1654 eius.

345 1691 394 1756 Ex
419 1693 547 1758 nomine
569 1694 713 1780 quidem,
740 1696 816 1780 quia
837 1699 963 1760 constat
985 1697 1116 1762 nomina
1138 1697 1323 1762 civitatibus
1346 1698 1408 1763 im·

261 1800 366 1883 posita
387 1820 452 1863 non
475 1799 644 1864 casualiter
671 1799 726 1865 sed
747 1822 785 1864 ex
807 1799 1034 1866 deliberatione
1060 1801 1277 1881 fundatorum,
1301 1804 1405 1869 nomi-

259 1907 371 1969 nantes
394 1925 446 1968 eas
470 1905 535 1968 suis
559 1904 609 1969 vel
631 1903 770 1968 filiorum
800 1903 991 1969 nominibus.
1037 1901 1127 1970 Siout
1153 1907 1227 1971 ante
1249 1905 1407 1972 diluvium

258 2007 337 2073 Cain
360 2009 496 2092 primam
519 2009 657 2074 fundans
680 2010 714 2073 in
736 2007 829 2074 India
851 2007 1014 2074 civitatem
1037 2031 1107 2074 eam
1129 2011 1258 2076 nomine
1273 2011 1334 2075 filii
1358 2011 1405 2076 sui

258 2113 368 2179 Enoch
400 2114 578 2179 nominavit
595 2113 622 2194 ¹,
653 2117 686 2179 et
716 2117 790 2198 post
820 2113 973 2178 diluvium
1002 2111 1156 2180 Nimroth
1186 2117 1345 2200 tyrannus
1374 2116 1406 2179 in

260 2219 329 2284 loco
351 2219 546 2284 confusionis
562 2217 745 2304 linguarum
760 2217 922 2283 civitatem
944 2239 1064 2302 ponens
1088 2241 1158 2284 eam
1173 2218 1321 2305 Babylon
1344 2221 1365 2285 i.
1382 2242 1407 2285 e.

257 2325 474 2390 confusionem
496 2324 709 2409 nuncupavit,
733 2324 779 2389 sic
801 2321 905 2390 Salem
930 2323 1092 2388 civitatem
1107 2321 1212 2388 Salem
1228 2347 1300 2410 quae
1324 2348 1408 2390 nnnc

259 2429 459 2496 Jherusalem
475 2429 600 2510 dicitur,
617 2429 805 2510 nominavit,
832 2451 928 2516 quam
944 2429 1137 2494 destructam
1153 2430 1279 2514 penitus
1295 2430 1408 2496 Helius
1516 2441 1517 2447 ’

260 2535 393 2620 [AElius]
417 2535 578 2602 Adrianus
601 2537 774 2620 imperator
799 2535 988 2601 reaedificans
1011 2557 1081 2600 eam
1108 2533 1235 2600 Heliam
1252 2533 1405 2622 [AEliam]

257 2665 277 2706 a
299 2664 332 2707 se
361 2641 593 2721 denominavit,
623 2641 668 2705 sie
683 2639 856 2724 Dionysius
873 2638 904 2705 N
905 2661 1005 2724 yram,
1029 2639 1152 2704 Medius
1169 2639 1307 2722 bledam,
1334 2642 1406 2708 Per·

257 2767 327 2810 sens
351 2745 490 2826 Persam,
515 2746 560 2811 sic
582 2744 689 2812 Julius
712 2745 882 2812 Juliacum.
928 2745 972 2810 Et
1003 2743 1174 2830 aliquando
1205 2749 1340 2813 nomina
1368 2749 1406 2812 ab

257 2851 348 2936 aquis
371 2851 589 2918 adiacentibus
611 2853 797 2918 civitatibus
820 2856 896 2917 sunt
917 2851 1086 2936 imposita,
1121 2857 1158 2916 ut
1180 2849 1269 2917 Susis
1292 2853 1408 2919 dieitur

258 2980 277 3022 a
300 2956 380 3022 Susa
402 2957 532 3023 flumine
555 2981 624 3024 eam
648 2957 901 3043 praeterfluente.

344 3063 528 3148 Aliquando
556 3065 596 3129 ab
628 3064 788 3149 aliquibus
815 3061 981 3129 eventibus
1010 3067 1140 3148 acceptu
1171 3067 1247 3127 sunt
1279 3064 1408 3128 nomina
1514 3089 1515 3096 ¹

257 3167 439 3249 civitatum,
472 3173 510 3235 ut
540 3167 625 3235 Gaza
657 3171 769 3234 civitas
799 3169 844 3234 sic
876 3173 924 3234 est
955 3167 1041 3233 dicta
1070 3169 1147 3253 quia
1169 3167 1342 3254 Cambyses
1364 3167 1406 3232 ibi

259 3275 424 3340 thesauros
440 3277 594 3360 repositos
612 3275 735 3352 habuit,
758 3297 834 3340 nam
854 3293 938 3360 gaza·
954 3273 1037 3338 idem
1059 3278 1108 3339 est
1125 3273 1209 3358 quod
1226 3273 1404 3338 thesaurus.

259 3379 303 3444 sic
320 3381 500 3466 Argentina
522 3386 654 3467 propter
688 3385 856 3465 argentum
880 3379 1046 3444 collectum
1069 3378 1102 3443 in
1124 3377 1272 3444 aerarium
1288 3377 1406 3442 Roma·

258 3507 382 3566 norum,
400 3491 431 3552 et
446 3487 571 3552 Basilea
588 3488 633 3551 sic
648 3487 732 3550 dicta
748 3485 824 3570 quia
839 3485 872 3549 in
888 3485 977 3570 regio
992 3485 1060 3550 loco
1072 3485 1115 3550 sit
1124 3487 1317 3563 constructa,
1334 3505 1405 3548 nam
1513 3519 1514 3528 κ

256 3591 340 3674 apud
357 3590 481 3657 Graecos
496 3593 609 3657 basilei
625 3593 773 3656 dicuntur
789 3611 888 3676 reges,
906 3589 956 3655 vel
971 3589 1086 3655 dicitur
1102 3613 1121 3654 a
1138 3589 1235 3669 basis,
1257 3591 1344 3676 quod
1360 3594 1406 3656 est

257 3694 508 3780 fundamentum,
532 3703 564 3763 et
588 3699 626 3776 le,
650 3697 735 3780 quod
759 3699 807 3760 est
821 3695 967 3774 firmitas,
990 3699 1022 3759 et
1045 3695 1162 3759 asine:
1186 3696 1278 3779 quasi
1293 3697 1405 3761 civitas

256 3797 391 3865 fundata
413 3803 481 3867 sine
503 3801 596 3866 firmo
619 3801 845 3880 fundamento,
873 3799 1025 3864 vacillans
1047 3803 1142 3865 terrra
1164 3799 1324 3880 motibus,
1357 3797 1404 3862 vel

257 3903 372 3970 dicitur
394 3929 413 3971 a
435 3907 531 3988 basis,
553 3907 638 3991 quod
661 3910 709 3971 est
723 3905 870 3991 populus,
894 3910 926 3971 et
941 3905 991 3971 lea
1005 3905 1153 3970 ecclesia:
1169 3905 1260 3990 quasi
1276 3905 1406 3970 eeclesia

256 4011 376 4094 populi.
422 4011 548 4098 Vulgus
571 4017 679 4077 tamen
708 4011 787 4076 dicit
809 4011 853 4075 sic
877 4033 946 4077 eam
968 4011 1126 4076 nominari
1149 4033 1169 4075 a
1192 4009 1339 4076 basilisco
1361 4009 1404 4074 ibi

256 4113 404 4182 latitante
427 4117 504 4182 olim
529 4121 562 4183 et
581 4118 736 4202 plurimos
751 4139 809 4182 sua
824 4117 1019 4202 inspectione
1033 4115 1203 4194 inficiente,
1227 4119 1301 4200 post
1317 4115 1403 4180 cuius

255 4219 412 4286 defectum
446 4221 569 4286 civitati
603 4243 719 4286 nomen
751 4221 912 4286 sordidum
944 4219 1084 4306 reliquit.
1140 4219 1290 4306 Legimus
1321 4217 1402 4304 quod

822 4353 840 4396 a

327 4439 341 4494 l
363 4439 373 4492 l
395 4437 463 4496 Mos.
482 4439 507 4506 4,
528 4439 569 4495 17.
