2996 4924
745 331 785 396 10

357 503 402 568 nt
424 507 552 569 sanctus
575 503 750 586 Juvenalis,
773 506 937 590 episcopos
960 505 1106 591 Byzanti,

358 608 487 676 cosmas
510 615 542 676 et
564 609 771 696 Theophilus,
794 610 911 676 diversi
927 634 1058 704 ¹quoque
1080 612 1193 695 sancti,

358 715 406 781 Ac
429 718 576 782 doctores
594 716 725 800 plurimi
748 717 785 781 de
808 715 933 802 virgine
955 717 1128 783 scribentes

306 843 331 880 eo
358 820 518 906 Pluraque
539 820 675 886 fideliter
697 825 859 905 exponunt
881 843 938 887 nos
961 822 1124 903 docentes,

363 927 430 1004 Qua
451 949 509 1012 pro
531 927 624 992 laude
647 927 780 1013 virginis
802 928 903 994 Mario
924 929 1103 1014 compilavi,

358 1033 403 1098 Et
424 1055 481 1118 per
503 1032 621 1096 donum
643 1033 775 1116 spiritus
797 1035 900 1098 sancti
922 1037 1114 1102 consumavi.

359 1136 392 1203 Si
415 1137 486 1222 quis
510 1141 546 1201 ut
568 1136 744 1220 apocrifum
766 1136 827 1202 hoc
850 1139 927 1203 velit
949 1140 1130 1224 reprobare,

361 1243 488 1323 Caveat,
511 1264 551 1307 ne
573 1241 741 1306 veritatem
768 1248 930 1327 presumat
953 1245 1193 1332 condempnare.

308 1347 404 1413 es'Et
425 1349 459 1412 in
482 1347 560 1413 locis
583 1347 718 1434 singulis
741 1349 878 1432 ponendi
901 1353 977 1415 sunt
999 1356 1153 1434 auctores,

361 1455 422 1532 Qui
444 1460 520 1519 sunt
542 1454 637 1518 huius
661 1455 810 1519 carminis
832 1455 988 1520 verissimi
1011 1457 1155 1523 doctores

361 1560 394 1627 Si
417 1583 481 1645 qua
502 1564 610 1626 tamen
632 1559 685 1624 hic
707 1561 851 1626 fortassis
875 1562 1016 1646 apocrifa
1038 1567 1208 1647 ponantur,

362 1664 436 1731 Non
458 1665 574 1730 idcirco
597 1665 827 1750 perprudenter·
848 1670 885 1730 ut
906 1666 988 1731 falsa
1011 1668 1292 1754 condempnantur.

362 1771 445 1837 Illud
469 1769 575 1836 alutem
598 1773 747 1856 deprecor
769 1795 788 1838 a
811 1772 1079 1840 virisliueraus:
1135 1807 1139 1814 ·

310 1900 335 1936 ro
362 1877 424 1943 Hic
447 1878 558 1963 sique
581 1879 799 1962 repperierint,
822 1901 883 1964 que
905 1879 1003 1944 limen
1026 1879 1169 1946 veritatis

362 1983 537 2064 Excedunt,
560 1983 617 2049 illa
640 1985 804 2070 corrigant
830 1984 879 2050 vel
902 1985 1016 2050 rodant
1039 1985 1264 2067 detruncand0‚

361 2089 422 2155 Vel
448 2094 482 2154 ut
504 2091 583 2156 libet
605 2094 710 2156 totum
733 2113 812 2175 opus
834 2092 1067 2176 condempnent
1089 2093 1297 2176 reprobando,

362 2194 434 2280 Ego
457 2195 532 2280 quia
554 2194 637 2259 nihil
659 2195 711 2260 hic
733 2195 873 2260 scribens
897 2188 1051 2276 assevero,

364 2300 432 2377 Que
454 2300 580 2384 cupiam
604 2305 744 2366 astruere
767 2323 824 2385 pro
847 2301 929 2366 falso
951 2301 1002 2372 vel
1023 2323 1082 2386 pro
1105 2325 1196 2383 vero;

312 2424 337 2462 ⁴³
363 2404 425 2470 Sed
448 2409 574 2471 tantum
597 2429 653 2492 per
674 2395 834 2491 poeticum
857 2408 986 2473 modum
1008 2408 1175 2474 decantare

363 2509 484 2576 Laudes
507 2511 581 2576 volo
604 2511 739 2598 virginis
762 2515 794 2577 et
816 2510 927 2578 desum
948 2512 1137 2580 collaudare.

209 2863 346 2958 Incipit
372 2862 452 2934 vita
479 2863 639 2956 gloriose
655 2861 809 2955 virginis
824 2861 941 2938 Maris
969 2867 1009 2936 et
1032 2864 1204 2939 amabilis
1222 2869 1356 2942 matris

638 2985 732 3057 Jesu
758 2984 825 3057 filii
852 2985 922 3059 dei.

367 3251 406 3318 ln
428 3251 558 3317 civitate
580 3249 742 3317 Nazareth
764 3252 803 3318 de
825 3257 911 3318 terra
933 3251 1066 3339 Galylea

368 3359 473 3425 Homo
497 3359 626 3444 quidam
648 3359 817 3424 habitabat
839 3363 928 3425 ortus
951 3383 989 3425 ex
1010 3359 1115 3434 Judea

370 3465 480 3545 (lente,
504 3485 604 3550 genus
629 3464 695 3529 eius
717 3487 844 3530 sumens
868 3465 906 3530 de
928 3465 1027 3550 stirpe
1048 3463 1153 3530 David
1176 3467 1278 3550 regis3

321 3595 346 3632 so
373 3571 524 3656 Simplex,
544 3571 649 3656 justus
672 3574 768 3657 atque
790 3575 928 3660 sanctus
951 3571 1122 3637 secundum
1141 3572 1231 3657 jussa
1252 3571 1343 3658 legis,

368 3679 421 3744 Ab
444 3676 534 3742 annis
557 3677 731 3762 puerilibus
755 3699 877 3762 semper
899 3678 1083 3742 innocenter

369 3782 615 3868 Judeiservitio
637 3785 728 3865 vixit,
751 3787 784 3848 et
805 3783 988 3868 frequenter

370 3887 520 3956 Sedulum
543 3889 732 3976 obsequium
754 3891 811 3956 deo
834 3889 1015 3971 exhibebat,

285 4176 320 4230 29
349 4175 415 4230 od.
436 4173 494 4244 alij.
532 4171 634 4228 Galii.
725 4171 759 4226 32
787 4170 872 4226 th.
952 4171 986 4227 lo
1017 4169 1184 4228 Zlimitem.
1280 4170 1315 4226 43
1343 4169 1363 4226 (l

216 4263 304 4319 nichil
332 4265 405 4318 statt
429 4262 557 4316 scribens.
631 4259 651 4314 0
677 4259 732 4314 Tit.
754 4261 807 4315 lnc.
832 4259 905 4315 liber
927 4259 961 4315 de
980 4259 1041 4314 vita
1067 4259 1149 4316 beate
1168 4277 1194 4315 v.
1219 4259 1363 4330 genitricis

215 4352 269 4408 dei.
366 4352 401 4406 48
426 4351 446 4406 0
467 4351 524 4406 und
548 4351 571 4406 G
598 4351 627 4404 in
650 4351 740 4406 Judea
762 4348 946 4406 centenarius
970 4368 1050 4406 suam
1078 4349 1198 4420 sumpsit
1226 4346 1364 4418 originem

216 4440 389 4498 dmstr
1117 4439 1120 4444 '
