3080 4938
721 375 741 438 3

148 550 227 634 quia
248 551 282 614 in
313 571 351 614 eo
381 552 563 614 castrantur
593 547 614 611 i.
647 569 673 612 e.
708 550 855 612 arcentur
885 547 1029 611 homines
1061 569 1100 610 ne
1132 555 1303 635 evagantes

147 653 360 738 captiventur.

238 758 361 824 Deinde
383 757 480 822 etiam
504 756 626 842 burgus
650 757 807 822 nominari
831 762 937 843 potest
957 763 1089 844 propter
1110 757 1227 824 fortem
1251 784 1303 824 ar-

148 868 309 928 maturam
333 865 408 948 ejue.
440 862 514 928 iude
544 862 626 927 cives
650 863 716 946 ejus
746 863 781 927 in
813 863 939 948 vulgari
962 865 1122 930 looutioue
1154 865 1303 930 dicuntur

150 969 269 1054 burger
290 969 312 1034 i.
336 993 362 1034 e.
386 968 507 1034 domiui
521 967 626 1054 burgi.
672 967 757 1034 Nam
774 968 945 1034 Germania
960 971 1092 1036 subacta
1111 994 1167 1055 per
1183 969 1303 1036 Roma-

148 1097 207 1140 nos
231 1080 405 1160 posuerunt
428 1075 693 1160 Burgundionum
717 1079 829 1160 gentes
857 1076 1027 1140 incastris
1054 1099 1073 1140 a
1097 1077 1212 1160 quibus
1235 1098 1302 1141 sor-

150 1180 212 1244 tita
228 1185 304 1246 suut
318 1201 444 1260 nomen,
460 1180 545 1266 quod
561 1184 676 1260 eastra,
693 1181 810 1266 oppida
825 1184 857 1246 et
871 1181 1016 1246 civitates
1032 1181 1181 1246 dicuntur
1195 1180 1301 1266 burgi.

238 1285 325 1352 Villa
347 1287 443 1352 etiam
467 1286 583 1350 dieitur
605 1284 719 1366 Ulma‚
751 1307 815 1351 non
839 1285 966 1371 quidem
988 1285 1192 1370 simpliciter,
1227 1287 1303 1371 quia

150 1391 195 1456 sio
219 1390 297 1456 villa
319 1392 436 1458 dieitur
469 1413 540 1476 quae
571 1414 633 1457 nou
661 1395 709 1457 est
739 1393 839 1456 muris
870 1392 1064 1457 circumdata
1096 1391 1199 1475 (Bart.
1230 1396 1303 1476 post

148 1497 247 1582 gloss.
264 1497 297 1561 iu
313 1497 335 1562 l.
378 1495 412 1562 Si
428 1497 518 1562 heres
535 1501 583 1562 est
599 1498 671 1581 viae)
686 1498 707 1576 ¹,
731 1497 784 1562 sed
801 1496 878 1562 villa
896 1497 1012 1562 dicitur
1028 1497 1213 1580 imperialis,
1230 1521 1301 1582 quae

149 1602 270 1668 additio
286 1621 388 1687 'super
410 1602 561 1687 oppidum
584 1606 617 1668 et
639 1603 802 1667 civitatem
826 1601 955 1668 Ulmum
979 1601 1119 1680 extollit,
1147 1606 1195 1668 eet
1217 1604 1300 1668 euim

147 1730 214 1772 una
237 1708 275 1772 de
298 1712 437 1792 quatuor
458 1708 584 1792 imperii
607 1705 692 1772 villis
715 1730 812 1792 supra
834 1730 913 1792 quas
937 1707 1107 1791 imperium
1130 1707 1299 1772 fundatum

147 1813 266 1877 dicitur
288 1811 321 1876 in
345 1811 501 1877 Karoliua
523 1811 635 1877 Karoli
665 1812 789 1896 quarti,
822 1834 894 1896 quae
924 1811 1010 1876 villae
1039 1810 1138 1876 aunt‘
1174 1813 1300 1878 Babeu-

149 1917 250 2004 berga
266 1915 289 1998 ⁸,
313 1915 528 1996 Sohletstat⁴,
552 1916 733 2002 Hagnowia
755 1921 787 1982 et
810 1921 920 1982 nostra
943 1915 1050 1982 Ulma.
1095 1916 1157 1983 Sed
1180 1920 1212 1982 et
1232 1915 1301 1981 Ka·

151 2023 239 2088 rolus
263 2025 402 2108 primus,
426 2022 481 2108 qui
504 2043 640 2106 maguus
663 2021 798 2102 (licitur,
821 2022 854 2086 in
885 2022 979 2087 litera
1001 2022 1198 2102 donationis,
1230 2043 1301 2107 quae

150 2125 282 2192 Ulmam
312 2127 442 2192 donavit
473 2127 581 2192 abbati
605 2124 703 2192 Owiae
733 2149 877 2213 maguae,
909 2127 1003 2192 dicit:
1035 2128 1118 2192 douo
1147 2127 1301 2192 donamue

153 2233 293 2319 regalem
318 2231 427 2296 villam
450 2235 592 2298 nostram
609 2230 737 2297 Ulmum
756 2236 826 2312 eto,
849 2253 912 2296 non
929 2232 1042 2316 utique
1056 2231 1301 2318 intelligendum

149 2335 261 2402 villam
285 2337 425 2422 undique
447 2341 600 2422 apertam,
624 2336 712 2400 nullo
735 2358 826 2401 muro
850 2333 989 2401 clausam
1005 2337 1057 2402 sed
1074 2336 1178 2402 locum
1196 2335 1299 2423 regali

152 2447 185 2508 et
207 2439 366 2526 imperiali
389 2439 485 2505 titulo
508 2439 650 2526 dignum.
695 2437 764 2504 Neo
787 2440 872 2505 valet
902 2440 1037 2504 obiectio
1070 2463 1135 2525 qua
1166 2439 1300 2505 rlioitur:

151 2545 292 2612 Karolus
322 2567 457 2631 magnus
488 2545 610 2629 primus
640 2548 672 2609 et
694 2543 833 2610 Karolus
864 2549 997 2630 quartus
1028 2545 1197 2610 nominant
1230 2569 1300 2611 eam

151 2651 283 2730 villam,
324 2671 401 2736 ergo
441 2649 518 2714 villa
557 2654 604 2715 est
648 2650 818 2715 immunita
852 2653 883 2714 et
916 2651 1047 2729 misera3
1086 2673 1156 2716 oum
1195 2651 1302 2717 dicant

147 2757 259 2822 villam
294 2753 488 2840 imperialem
521 2759 554 2819 et
592 2755 741 2841 regalem.
801 2754 852 2820 Sia
890 2755 986 2821 etiam
1025 2755 1108 2820 Galli
1146 2757 1300 2822 maximae

147 2861 243 2926 urbes
278 2860 370 2926 villas
400 2859 565 2926 nominare
594 2864 841 2941 consueverunt,
873 2865 908 2924 ut
938 2859 1048 2924 urbem
1080 2859 1300 2941 Parieieusem‚

148 2965 365 3032 Turoneneem
389 2969 447 3030 eto.

236 3069 364 3136 Dicitur
387 3071 485 3136 etiam
508 3069 606 3138 Ulma
630 3071 725 3153 viena,
748 3071 921 3158 improprie
937 3076 1054 3138 tamen.
1102 3069 1199 3137 Vicus
1215 3072 1299 3137 euim

150 3175 242 3241 nulla
264 3176 418 3242 civilitate
441 3177 583 3262 regitur,
607 3199 664 3242 neo
685 3179 785 3243 muria
809 3181 865 3242 aut
886 3177 1016 3242 fossatis
1043 3179 1238 3262 protegitur,
1270 3181 1302 3240 et

148 3283 208 3346 riis
232 3283 371 3367 undique
400 3283 508 3367 pervia
539 3283 691 3364 habetur,
722 3289 753 3348 et
787 3287 929 3368 respectu
958 3283 1064 3348 ultimi
1096 3281 1193 3348 Ulma
1214 3281 1301 3345 ricus

146 3387 274 3468 dicitur,
298 3409 362 3452 non
386 3391 530 3472 respectu
553 3389 685 3452 duorum
710 3389 906 3473 prinrorum3
930 3388 970 3452 ab
994 3389 1081 3452 omni
1098 3387 1182 3452 enim
1203 3386 1301 3472 plaga
1392 3439 1394 3446 .

147 3491 285 3576 publicae
308 3497 418 3559 stratae
441 3499 609 3559 transeunt
632 3517 689 3579 per
713 3493 852 3560 Ulmam.

236 3595 288 3662 Sic
304 3603 394 3684 patet
409 3596 539 3664 Ulmam
556 3621 622 3664 esse
638 3599 759 3678 urbem,
775 3599 947 3680 civitatem,
964 3597 1115 3684 oppidum
1129 3595 1151 3676 ⁶,
1178 3595 1297 3676 villam,

147 3707 299 3782 castrum,
313 3704 461 3791 turgum
485 3709 517 3771 et
542 3706 654 3770 vicum.

714 3883 732 3926 t

221 4019 306 4078 lbar
324 4021 388 4092 port
411 4019 460 4092 glo
484 4019 513 4078 in
539 4019 560 4077 L
587 4019 611 4076 ei
635 4022 714 4078 heroa
741 4024 784 4078 eat
812 4019 864 4078 rire
892 4019 955 4078 Mon
974 4017 999 4075 2.
1037 4017 1112 4074 Bart.
1132 4016 1172 4089 gl.
1191 4015 1221 4073 in
1240 4015 1259 4074 l.
1278 4016 1300 4071 si

150 4111 230 4166 berea
249 4149 255 4164 .
275 4150 281 4163 .
302 4108 386 4165 Goolr.
406 4109 480 4165 Beer.
515 4110 567 4166 Die
589 4110 672 4165 stelle
690 4109 796 4166 kounte
814 4109 857 4165 ioh
878 4109 956 4164 nieht
975 4108 1075 4163 finden.
1113 4106 1164 4161 Dia
1183 4106 1301 4176 uhrigen

147 4197 363 4254 handauhristen
381 4197 474 4253 laaeen
492 4199 543 4253 dae
560 4200 632 4254 uitat
651 4215 721 4267 weg.
809 4200 826 4252 2
844 4197 1004 4266 Bamberga
1022 4195 1122 4252 Sohad.
1143 4194 1192 4248 ΕΙ).
1213 4193 1299 4248 Wibl.

148 4285 220 4342 (ἰοὶ.
238 4284 283 4339 Kl.
303 4285 497 4356 Babemberga
515 4285 587 4342 Bere.
642 4283 853 4341 3Sehletathat
871 4287 944 4342 Mon.
963 4287 987 4338 2.
1025 4283 1194 4338 Sehlettetat
1216 4279 1301 4334 Wibl.

147 4373 303 4442 tHagena
326 4372 375 4430 ΕΙ).
397 4373 571 4444 Hagenowia
594 4372 693 4428 Soharl.
715 4373 760 4428 Kl.
799 4373 942 4444 Hagenow
961 4371 1037 4438 Beue.
1061 4371 1198 4440 Hagenau
1215 4367 1301 4422 Wibl.

147 4461 306 4534 rapidum,
326 4461 460 4534 oppidum
479 4461 552 4520 Mon.
571 4463 588 4516 2
607 4459 668 4518 Soh.
688 4460 734 4517 Kl.
751 4459 826 4518 Bere.
