3014 4926
662 337 725 406 119

193 533 244 570 κω
272 511 301 578 Ο
323 512 541 579 desiderabilis
564 515 596 579 et
618 512 719 580 dulcis
741 511 820 578 Jesu
843 513 979 597 Christe,

270 618 354 698 Quid
376 618 435 684 tibi
459 619 612 684 solacium
634 619 771 684 contulit
793 620 952 705 baptiste!

270 721 300 789 Ο
322 724 568 790 adolescentium
590 723 719 790 collatio
742 725 887 806 duorum,

273 828 352 906 Quis
374 829 530 895 mediator
553 830 647 895 exitit
670 834 702 896 et
724 831 845 896 arbiter
866 835 992 897 eorum!

272 932 301 998 Ο
323 934 407 999 dulci
429 935 685 1002 conventiculum
706 935 856 1002 iuvenum
878 937 1023 1018 istorum,

193 1057 244 1097 uss
273 1039 427 1125 Felixque
449 1041 643 1106 consortium
666 1040 782 1106 horum
804 1045 995 1125 puerorum!

271 1145 383 1211 Fuisse
407 1145 519 1211 vellem
541 1144 663 1212 arbiter
686 1149 781 1232 atque
804 1147 960 1212 mediator

268 1249 416 1336 Ipsorum
437 1250 615 1316 collationis
637 1256 669 1317 et
692 1252 930 1318 determinator.

272 1354 300 1420 0
323 1353 496 1434 Johannes,
520 1355 657 1441 qualiter
679 1355 760 1422 illud
783 1355 936 1436 meruisti,

268 1463 360 1540 Quod
382 1485 402 1528 a
422 1461 500 1528 Jesu
522 1463 660 1548 gratiam
683 1468 808 1529 tantam
829 1462 985 1548 recepisti,

190 1587 242 1626 κιο
269 1567 318 1634 Ut
339 1569 373 1632 in
395 1569 507 1634 matris
529 1572 620 1634 utero
643 1591 699 1653 per
721 1569 806 1634 hunc
828 1567 1043 1633 sanctificatus

156 1693 161 1698 ·
272 1672 377 1752 Esses,
400 1672 487 1738 etin
509 1670 638 1738 heremo
661 1693 717 1757 per
739 1694 810 1738 eum
833 1672 999 1738 visitatus!

270 1777 350 1843 Cum
372 1777 494 1843 reniret
515 1775 677 1844 Nazareth
699 1776 792 1844 Jesus
814 1800 870 1844 sue
892 1777 988 1843 matri

273 1880 438 1948 Serviebat
459 1886 555 1967 alque
577 1879 698 1966 Joseph
721 1886 884 1967 tamquam
907 1903 964 1948 suo
987 1882 1082 1966 patri.

272 1987 424 2052 Attamen
447 1984 488 2051 ab
510 2007 604 2070 opere
625 1987 760 2051 retraxit
781 2009 814 2052 se
836 1986 954 2066 servili,

193 2109 244 2148 ³⁴⁴⁵
271 2089 366 2170 Nam,
390 2111 461 2156 oum
484 2093 566 2156 esset
588 2089 767 2156 adolescens
789 2093 821 2156 et
843 2091 876 2154 in
899 2090 1032 2155 iuvenili

269 2197 375 2277 Etate,
398 2218 521 2282 semper
542 2215 722 2282 synagogas
745 2195 864 2261 vicinas
887 2194 1120 2280 frequentabat,

270 2302 314 2368 Et
335 2302 420 2368 circa
441 2301 652 2367 ministerium
675 2321 836 2366 sacrorum
857 2300 1044 2378 laborabat3

271 2405 355 2472 Nam
380 2405 470 2488 labor
492 2407 559 2472 eius
582 2427 704 2492 semper
726 2410 795 2472 erat
817 2406 850 2472 in
873 2406 923 2471 dei
945 2405 1107 2487 servitute,

270 2511 351 2579 Tam
373 2512 407 2578 iu
430 2511 640 2578 adolescentia
663 2533 759 2596 quam
781 2511 816 2576 iu
841 2511 1013 2578 iuventute.

117 2913 358 3008 Soliloquium
385 2913 484 3008 quod
505 2912 638 2988 habuit
652 2913 764 2986 Jesus
785 2933 870 2984 cum
885 2909 1006 2984 Maria
1026 2911 1149 2984 matre
1177 2933 1257 2984 sus.

191 3165 244 3206 κω
270 3147 349 3234 Seps
371 3169 442 3214 curn
466 3143 647 3212 dulcissimo
669 3141 747 3209 Jesu
769 3142 927 3209 residebat

272 3253 376 3318 Maria
397 3251 550 3330 solitarie,
573 3271 644 3316 curn
666 3248 799 3333 ipsoque
820 3248 950 3314 tenebat

270 3357 369 3424 Dulce
391 3357 605 3442 soliloquium,
628 3355 813 3438 diversaque
834 3352 995 3438 querebat,

270 3462 338 3540 Qus
359 3465 473 3528 cuncta
494 3460 738 3546 prudentissime
760 3457 854 3526 Jeaus
876 3459 1064 3545 exponebat.

177 3567 237 3654 M..
269 3567 328 3632 Ait
348 3587 425 3654 ergo
447 3566 569 3632 Maris:
601 3565 809 3630 ›Dmoismme
831 3565 875 3630 mi
897 3569 981 3646 nate,

191 3690 246 3728 uss
270 3669 472 3758 Interrogare
492 3671 586 3737 liceat
607 3669 688 3736 mihi
710 3669 845 3754 quedam
868 3691 887 3734 a
909 3672 985 3736 tel«

192 3775 225 3842 J.
270 3775 362 3844 Jesus
384 3777 446 3842 ait:
473 3775 519 3842 »0
541 3775 586 3841 mi
609 3779 719 3854 mater,
742 3797 803 3859 qne
825 3773 873 3839 vis
895 3775 1093 3862 interrogare

271 3881 392 3947 Poteris
414 3885 448 3947 et
470 3903 507 3947 ea
528 3879 588 3946 tibi
611 3887 682 3945 sum
705 3883 812 3963 presto
834 3879 1004 3946 revelare«

178 3987 224 4054 Μ.
269 3988 327 4053 Ait
348 4007 444 4074 ergo:
469 3985 550 4052 »Fili
574 3983 629 4066 mi,
652 3985 717 4050 scio
739 3985 823 4069 quod
845 4005 878 4050 es
902 3984 988 4066 deus,

270 4091 375 4179 Atque
393 4091 443 4158 dei
465 4091 561 4172 filius,
584 4090 638 4157 sed
661 4091 818 4175 quomodo
840 4093 877 4154 tu
898 4109 986 4154 meus

191 4217 246 4254 ³⁴⁶⁰
271 4197 364 4264 Nunc
386 4196 553 4264 siclaetus
576 4195 672 4277 filius,
694 4195 754 4261 hcc
776 4195 902 4280 penitus
924 4195 1048 4280 ignoro,

272 4300 317 4369 Ut
338 4301 399 4369 hoo
420 4302 500 4368 mihi
522 4305 754 4368 sacramentum
777 4321 894 4366 reseres
917 4321 1040 4366 exoro«

193 4403 225 4472 J.
274 4407 388 4474 »Eram
410 4407 444 4474 iu
466 4407 623 4496 principio
646 4429 768 4494 semper
790 4405 873 4494 apud
895 4406 998 4488 deum,
