3014 4926
796 373 858 440 eoo
985 331 989 344 ’

329 568 381 605 ⁸⁷⁰⁰
409 548 456 616 Ut
478 569 538 635 ego
560 549 768 634 penitentium
789 548 911 614 cunctis
934 547 1138 633 predicarem,

407 653 456 719 Ac
477 655 512 718 in
534 652 684 718 Jordsnis
706 653 838 721 domine
859 652 1013 718 contritos
1036 653 1244 738 baptizem,

405 758 540 824 Dicens:
563 757 601 824 In
625 781 718 844 quem
741 758 889 842 spiritum
912 763 1057 824 sanctum
1079 759 1319 826 descendentem

407 862 538 929 Videbis
561 868 594 930 et
616 865 650 928 in
673 864 775 948 specie
797 863 942 928 columbe
965 863 1165 942 residentem,
1241 897 1243 906 ·

406 968 524 1035 Hicin
546 971 656 1034 ssucto
678 968 793 1051 spiritu
815 971 945 1034 uinctos
967 967 1151 1052 beptinebit‚

330 1092 382 1131 ³⁷⁰⁶
408 1074 453 1140 Et
475 1095 547 1138 vere
569 1073 784 1157 penitentibus
806 1077 934 1157 peccate
955 1071 1111 1138 relaxabit
1122 1077 1150 1138 ι(

37 1427 77 1512 .'
155 1561 157 1566 Ι
255 1453 357 1538 Quod
386 1452 496 1525 Jesus
524 1453 680 1526 intravit
707 1452 745 1524 in
773 1453 962 1529 desertum
996 1451 1060 1528 ubi
1087 1453 1348 1548 temptabatur
1374 1481 1398 1529 e

742 1576 902 1650 diabolo.

409 1810 486 1875 Post
508 1809 569 1874 hoc
590 1808 683 1874 Jesus
705 1809 739 1872 in
761 1810 919 1874 desertum
941 1810 1058 1875 iterum
1080 1810 1225 1889 intravit,

408 1914 520 2000 Ibique
541 1937 672 1979 maneus
695 1915 908 1999 quodraginta
930 1915 996 1980 dies
1017 1915 1180 1996 ieiunavit,

408 2019 516 2106 Atque
538 2019 666 2090 deitatis
689 2041 745 2090 suc
768 2017 888 2090 deliciis
911 2019 1045 2099 necavit,

408 2123 539 2190 Necnon
561 2145 619 2207 pro
642 2123 743 2187 salute
757 2122 875 2212 ¹mundi
898 2127 1021 2208 petrem
1043 2124 1198 2189 adcrevit.

332 2248 383 2285 ³⁷10
411 2229 462 2294 Ad
483 2229 588 2313 ipsum
607 2232 688 2294 tunc
704 2226 853 2292 -diobolm
872 2231 1048 2313 emptam
1071 2229 1240 2302 ewedobet

410 2315 521 2417 Atque
538 2332 690 2416 quosdam
712 2331 833 2416 tepidos
854 2332 916 2398 sibi
939 2334 1144 2417 pneponebet.

411 2435 494 2502 ›Feo
515 2459 554 2500 ex
576 2436 626 2500 his
649 2434 807 2520 lapidibus
829 2458 958 2520 penes«,
980 2437 1085 2503 dicens
1107 2438 1146 2518 ei,

412 2540 477 2607 »Ut
499 2539 634 2626 probare
656 2539 788 2620 valeam,
812 2541 840 2605 si
862 2540 947 2605 filius
969 2542 1012 2606 sis
1035 2541 1116 2607 dei«

407 2645 499 2712 Jesus
522 2646 587 2712 eit:
611 2643 734 2712 »Home
755 2665 820 2714 uon
843 2646 971 2711 exsulo
995 2669 1076 2730 pane
1098 2647 1187 2727 vivit,

332 2739 383 2808 sut
410 2751 470 2817 Sed
493 2773 531 2815 ex
554 2750 651 2825 verbo
673 2751 757 2834 quod
779 2773 818 2815 ex
839 2773 894 2816 ore
916 2751 1036 2816 domini
1057 2753 1224 2836 prodivit«

410 2857 499 2924 Tunc
521 2857 695 2941 temptator
717 2856 808 2922 duxit
829 2877 901 2922 eum
922 2857 957 2920 iu
976 2861 1119 2926 smum
1142 2857 1303 2922 ciuitatem

409 2961 516 3047 Ipsum
537 2961 583 3026 ibi
605 2965 747 3029 stetuem
769 2962 803 3029 in
825 2960 937 3046 templi
958 2963 1184 3042 summitatum

409 3067 540 3134 Dicens:
562 3065 590 3132 ei
612 3069 648 3130 tu
670 3065 756 3134 filios
778 3087 810 3132 es
833 3066 892 3146 dci,
915 3069 948 3132 te
969 3066 1103 3146 dimitte,

408 3171 564 3240 morsum
586 3193 714 3238 necnon·
730 3171 851 3257 angelis
871 3172 940 3236 tuis
962 3175 995 3238 te
1014 3172 1187 3252 commite,

332 3296 383 3332 ³⁷2⁰
410 3277 491 3353 Quia
511 3278 551 3344 de
572 3281 605 3342 te
625 3275 781 3360 scriptum
802 3280 860 3356 est,
883 3275 966 3360 quod
986 3277 1111 3361 augelis
1133 3278 1306 3360 mandevit,

409 3381 456 3448 Ut
478 3404 600 3468 semper
621 3385 653 3446 te
675 3381 865 3461 custodient,
886 3379 1046 3466 hoc'ipsis
1068 3381 1246 3466 imperavit.

409 3485 502 3554 Jesus
525 3488 586 3554 sit:
610 3485 793 3571 »Scriptum
815 3491 864 3554 eet
883 3487 969 3574 quod
990 3487 1084 3552 doum
1106 3509 1171 3552 non
1193 3485 1366 3571 temptabis
1495 3563 1496 3568 ἵ

409 3593 613 3658 Occasionem
635 3596 746 3658 contro
767 3595 800 3656 te
822 3613 879 3658 nec
901 3591 1029 3658 inimico
1051 3591 1172 3656 debis«

409 3695 499 3761 Tunc
520 3719 592 3766 cum
614 3695 691 3764 Jceu
714 3701 854 3766 montem
873 3696 979 3762 ultum
997 3695 1144 3764 diabotus
1167 3697 1308 3762 escendit

331 3821 382 3858 ³⁷²⁶
408 3801 453 3866 Et
473 3805 536 3888 ipsi
558 3807 672 3870 cuncte
693 3823 793 3888 regne
815 3802 924 3868 mundi
947 3802 1066 3886 puriter
1088 3802 1237 3882 ostendit,

408 3907 543 3974 Dicens:
569 3908 657 3974 »Iem
679 3909 736 3974 hec
759 3912 867 3976 omnia
888 3909 949 3974 tibi
970 3909 1044 3974 volo
1066 3909 1150 3988 dete,

299 4073 302 4079 .
409 4010 442 4077 Si
465 4017 501 4077 tu
523 4037 573 4078 me
596 4013 733 4078 volueris
755 4035 874 4098 pronus
896 4013 1056 4079 odoraret

408 4115 587 4184 desueuit:
614 4117 722 4182 »Vade
743 4116 875 4196 Sethan,
897 4118 991 4184 deum
1015 4117 1181 4195 edorebie3

408 4221 477 4286 Hoc
499 4222 651 4308 scriptum
674 4228 722 4288 est
743 4226 777 4288 et
797 4223 845 4288 illi
868 4226 904 4288 tu
926 4244 1049 4306 sempor
1071 4223 1299 4288 ministremus

331 4345 381 4382 ³⁷³0
410 4325 499 4394 Tunc
520 4327 650 4413 reliquit
672 4351 744 4394 oum
765 4326 890 4392 Sethen
912 4331 945 4391 et
967 4327 1075 4412 angeli
1099 4332 1264 4408 venerunt,

408 4429 474 4518 Ipsi
495 4434 578 4498 sicut
599 4433 734 4498 creatori
757 4455 814 4500 suo
834 4432 1024 4500 servierunt.
