3034 4922
788 335 852 407 254

464 639 584 715 Maria
611 643 812 736 suscipitur
839 667 863 716 a
890 645 1005 716 tertio
1033 643 1157 719 choro.

399 834 518 899 Deinde
541 833 672 898 chorum
694 834 825 899 tertium
850 833 1033 900 »Virtutes«
1058 836 1255 921 appellatum

395 942 499 1006 Mater
521 941 571 1005 dei
593 940 807 1024 pertransivit,
831 941 886 1004 ubi
909 948 1137 1028 congregatum

323 1065 373 1103 τωο
401 1045 597 1111 Conventum
621 1067 746 1110 omnem
769 1047 909 1131 repperit
931 1047 1047 1112 horum
1069 1046 1266 1134 angelorum,

397 1151 458 1228 Qui
481 1152 619 1216 ordinati
641 1151 770 1216 fuerant
791 1152 831 1215 ad
854 1153 987 1216 eundem
1010 1153 1151 1217 chorum.

397 1257 488 1322 lllius
511 1257 601 1321 chori
622 1257 753 1341 spiritus
778 1259 883 1322 cuncti
905 1258 1099 1324 confluentes

398 1361 610 1445 Susceperunt
633 1362 769 1426 Mariam
792 1385 864 1427 cum
887 1363 1028 1444 canticis,
1052 1365 1207 1428 dicentes:

401 1466 511 1545 »Veni
534 1467 617 1545 veni,
641 1467 779 1546 domina,
803 1467 875 1532 veni
898 1469 1084 1547 veneranda,

321 1592 372 1629 ποῦ
400 1570 591 1636 Hominibus
614 1575 647 1636 et
668 1571 789 1656 angelis
813 1573 958 1637 omnibus
982 1574 1156 1638 laudanda!

399 1676 482 1743 Veni
504 1677 607 1740 David
629 1677 706 1754 filia,
730 1677 802 1741 veni
824 1678 915 1741 radix
938 1678 1053 1756 Yesse3

270 1796 276 1810 '
402 1782 495 1861 Veni,
519 1781 612 1866 plena
635 1782 750 1867 gratia,
774 1787 810 1846 tu
832 1805 968 1869 namque
989 1784 1082 1849 debes
1106 1767 1172 1848 esse

401 1884 597 1972 Angelorum
621 1887 757 1966 domina,
781 1886 920 1952 celorum
943 1888 1137 1971 imperatrix,

402 1992 446 2056 Et
468 1992 579 2077 regina
601 1993 777 2057 seculorum
798 1993 909 2057 mundi
932 1993 1149 2077 gubernatrix.

324 2116 375 2152 τωο
402 2096 495 2176 Veni,
518 2121 602 2162 nunc
624 2099 761 2162 introeas
783 2097 961 2162 thalamum
982 2097 1123 2183 regalem

398 2201 476 2268 Jeeu
498 2203 581 2289 regis
605 2204 790 2289 angelorum
813 2207 845 2268 et
868 2196 1020 2268 thronum
1042 2202 1223 2300 eternalem.

400 2307 451 2371 ru
473 2308 617 2391 plurimis
642 2308 813 2372 virtutibus
836 2308 900 2373 tuis
923 2309 1078 2388 meruisti,

400 2411 534 2476 (lumin
559 2433 651 2476 carne
674 2417 909 2496 superterram
932 2413 1072 2497 piissima
1094 2414 1212 2493 vixisti,

400 2516 489 2593 Quod
512 2540 605 2601 super
626 2518 738 2582 choros
762 2517 948 2604 angelorum
971 2541 1054 2584 nunc
1077 2520 1169 2585 debes
1191 2520 1342 2586 collocari

323 2641 374 2677 un
401 2622 445 2685 Et
467 2643 582 2686 corona
605 2624 719 2687 summi
742 2625 825 2709 regis
849 2624 988 2689 celorum
1013 2629 1165 2704 coronari,

398 2726 443 2790 Et
464 2725 538 2791 licet
562 2727 654 2810 plena
676 2728 774 2794 fueris
797 2730 969 2794 virtutibus
993 2731 1123 2796 diversis

398 2829 529 2896 Necnon
553 2833 760 2898 abundaveris
784 2835 874 2899 donis
896 2836 1061 2900 universis.

400 2933 519 3000 Tamen
543 2939 579 3001 tu
602 2938 822 3004 discretionem
843 2941 877 3004 in
900 2941 1047 3005 omnibus
1070 2943 1215 3006 servabas

398 3039 505 3124 Atque
528 3063 599 3106 cum
621 3045 774 3108 modestia
796 3049 827 3110 te
848 3069 966 3132 magna
988 3049 1195 3132 temperabas.

325 3161 375 3198 τωο
402 3143 439 3208 In
464 3147 609 3211 omnibus
634 3149 805 3213 virtutibus
828 3173 896 3214 eras
919 3173 994 3215 nam
1016 3153 1150 3217 discreta

402 3249 446 3314 Et
468 3251 501 3314 in
525 3253 645 3317 cunctis
668 3251 791 3318 actibus
812 3255 899 3319 mitis
922 3261 954 3320 et
976 3263 1148 3323 mansueta.

401 3354 489 3440 Ergo
512 3357 603 3442 virgo
623 3358 740 3424 nobilis
763 3365 795 3424 et
816 3364 918 3446 mater
940 3385 1093 3441 amorosa,

400 3459 516 3526 Lilium
539 3463 739 3544 convallium,
763 3469 795 3529 et
816 3467 884 3530 sine
906 3467 997 3550 spina
1019 3489 1100 3546 rosa,

400 3565 452 3631 Ad
474 3565 584 3632 Jesum
607 3570 655 3634 dei
677 3569 779 3635 filium
803 3576 947 3635 nostrum
970 3579 1151 3650 creatorem,

324 3689 375 3726 aas
402 3672 446 3735 Et
468 3672 517 3736 dei
541 3673 750 3759 unigenitum,
774 3673 868 3740 seculi
893 3680 1045 3742 rectorem

402 3775 545 3842 Ascende
567 3801 638 3843 cum
661 3781 771 3860 letitia,
794 3802 900 3845 secum
921 3786 958 3846 ut
979 3782 1085 3846 leteris

402 3880 446 3946 Et
469 3883 502 3946 in
527 3905 625 3970 regno
648 3885 749 3970 glorie
771 3909 827 3951 sue
848 3885 1024 3971 glorieris«

396 4117 499 4205 cuod
527 4119 646 4200 Maria
674 4124 874 4223 suscipitur
901 4149 924 4201 a
951 4135 1086 4224 quarto
1114 4127 1237 4203 choro.

404 4300 488 4369 Hinc
511 4305 550 4370 ad
572 4308 703 4374 chorum
725 4313 826 4375 mater
848 4313 897 4376 dei
920 4319 1067 4396 quartum
1089 4311 1288 4398 procedebat,

406 4409 618 4476 »Potestates«
645 4415 676 4477 in
700 4415 864 4500 seripturis
888 4439 999 4482 nomen
1024 4418 1077 4502 qui
1101 4418 1247 4486 habebat.
