3014 4926
772 357 820 427 84

425 643 528 730 Quod
549 645 650 717 idola
677 644 928 740 Egyptiorum
956 645 1183 718 oeciderunt.

388 854 467 920 Post
487 853 548 918 boe
570 851 706 938 Splenen
728 853 890 919 civitatem
912 875 1064 939 magnam
1086 854 1297 936 intraverunt,

312 939 363 1016 raia
389 958 454 1026 Ubi
477 958 601 1023 nullum
624 958 783 1024 bominem
807 957 931 1023 fidelem
954 959 1152 1024 invenerunt.

391 1064 481 1150 Ipsos
503 1063 558 1149 qui
581 1063 721 1148 bospitio
744 1064 897 1148 reciperet
919 1063 969 1128 vel
991 1068 1075 1128 tecto

389 1167 484 1233 Omni
506 1167 654 1232 idolatrie
677 1167 795 1252 populo
818 1168 969 1232 subiecto.

388 1273 449 1338 Sed
471 1273 511 1337 ad
534 1273 692 1356 quoddam
713 1272 869 1338 idolorum
890 1273 1045 1358 templum
1067 1273 1277 1354 divertebant,

390 1381 433 1445 ut
456 1379 489 1442 in
512 1380 648 1463 quadam
670 1379 794 1462 porticu
817 1378 928 1462 templi
951 1380 1158 1444 remanebant

313 1506 364 1542 2³⁵⁰
394 1483 452 1548 Per
474 1487 600 1547 noctem
622 1482 712 1546 illam
733 1505 832 1567 usque
855 1505 957 1562 mane,
980 1485 1078 1548 donee
1100 1484 1306 1549 convenirent

393 1589 534 1654 Gentiles
557 1593 652 1672 atque
675 1588 786 1672 templi
809 1589 858 1652 sui
880 1588 963 1653 fores
986 1590 1155 1674 aperirent.

393 1695 483 1760 Tune
505 1696 618 1758 cuneta
639 1715 697 1757 sua
718 1697 868 1776 repetunt
890 1693 975 1758 idola
997 1694 1127 1772 deiecta,

392 1800 500 1884 Atque
522 1799 657 1882 sparsim
679 1820 773 1882 super
796 1802 913 1863 terram
936 1799 1063 1885 singula
1084 1801 1234 1886 proiecta.

392 1907 476 1971 Deos
499 1926 572 1969 suos
595 1905 640 1969 sio
662 1903 809 1968 confusos
832 1905 972 1970 videntes
995 1906 1133 1970 universi

315 2033 366 2069 naso
394 2011 432 2076 In
455 2015 615 2094 stuporem
639 2013 672 2074 et
693 2009 841 2074 timorem
862 2031 1015 2094 magnum
1036 2016 1112 2075 sunt
1134 2013 1285 2078 conversi.

392 2115 478 2182 Nam
501 2119 642 2180 trecenta
664 2114 898 2199 quinquaginta
919 2115 1047 2180 fuerant
1068 2123 1173 2182 erecta

393 2222 454 2287 Per
475 2221 629 2305 templum
650 2219 711 2284 hoe
733 2220 901 2285 simulacra
929 2243 991 2306 que
1012 2225 1126 2286 cuneta
1147 2227 1222 2286 sunt
1244 2223 1387 2304 deiecta3

396 2326 457 2392 Sed
477 2327 577 2392 totius
599 2325 738 2391 civitatis
760 2327 843 2391 eires
865 2333 1086 2392 concurrentes

338 2428 341 2436 ’
393 2431 565 2498 Universos
587 2431 661 2496 deos
683 2453 756 2496 suos
779 2436 954 2517 prostratos
976 2434 1022 2497 sio
1044 2433 1185 2498 ridentes

315 2558 367 2600 rano
394 2537 570 2601 Dixerunt:
594 2535 670 2612 Quis
693 2539 760 2600 tam
781 2539 894 2620 potens
917 2540 965 2602 est
987 2537 1021 2600 in
1043 2541 1129 2601 terra
1151 2537 1201 2602 vel
1222 2537 1255 2600 in
1279 2537 1358 2617 uelo,

395 2641 456 2717 Qui
478 2642 520 2706 sit
543 2663 637 2706 ausus
659 2647 772 2706 eontra
794 2641 867 2706 deos
890 2647 1016 2706 nostros
1039 2645 1130 2706 tento
1153 2641 1218 2706 zelo

393 2747 525 2812 Manum
547 2769 636 2811 suam
658 2747 788 2826 elevare,
812 2748 896 2832 quod
918 2769 971 2812 eos
993 2747 1039 2812 sie
1061 2751 1252 2831 prosternat,

394 2853 576 2936 Eorumque
599 2853 773 2937 potentiam
795 2852 841 2916 nil
864 2853 1005 2918 timendo
1027 2856 1176 2937 spernat?

394 2959 442 3022 Ac
463 2959 628 3022 universus
650 2956 785 3041 populus
807 2957 953 3022 eiulando
976 2957 1082 3036 flebat,

318 3084 369 3122 asra
396 3063 536 3139 Quilibet
558 3063 597 3127 ad
619 3062 756 3126 alterum
777 3063 892 3127 timens
914 3061 972 3126 hee
994 3062 1137 3127 dicebat:

394 3167 443 3233 Ve
455 3169 556 3248 nobis,
573 3165 648 3252 quid
663 3168 807 3231 futurum
823 3171 871 3231 est
885 3189 941 3250 per
956 3167 1085 3252 signum
1099 3171 1165 3232 tam
1177 3168 1381 3252 stupendum,

396 3275 503 3358 Atque
525 3295 581 3356 per
601 3273 784 3358 prodigium
806 3271 866 3338 hoo
889 3273 1010 3337 eunetis
1033 3274 1245 3354 metuendum,

394 3379 530 3446 Utinam
553 3399 592 3442 ne
614 3378 722 3442 veniat
744 3379 777 3442 iu
800 3399 857 3442 uos
879 3378 1016 3442 exitialis

397 3483 497 3570 Plaga
519 3485 677 3569 quondam
701 3506 762 3568 que
784 3485 940 3568 percussit
962 3483 1119 3569 Egyptios
1141 3490 1191 3550 tot
1214 3485 1325 3550 malis!

318 3609 369 3646 πετο
397 3589 474 3666 Quis
496 3590 579 3653 enim
602 3589 657 3653 ille
680 3589 755 3654 deus
777 3594 825 3653 est
847 3591 914 3653 tam
936 3593 1048 3673 potens
1071 3593 1103 3654 et
1125 3592 1309 3675 stupendus

397 3695 458 3772 Qui
480 3717 544 3758 non
567 3694 670 3759 solum
694 3695 785 3759 nobie
808 3699 856 3759 est
878 3695 931 3759 sed
954 3695 1072 3758 nostris
1094 3695 1154 3760 diis
1177 3696 1363 3760 timendus?

397 3799 456 3866 Sed
480 3823 518 3865 ex
541 3799 592 3865 bis
615 3799 762 3864 dicabant
783 3800 927 3883 quidam:
964 3797 1015 3863 Dii
1038 3800 1134 3864 maris
1150 3804 1387 3884 pugnaverunt,

395 3905 475 3971 Cum
497 3905 557 3970 diis
579 3909 662 3970 terre
685 3904 866 3989 preliantes,
890 3904 994 3969 ethis
1017 3905 1252 3990 prevaluerunt.

396 4013 440 4077 ut
463 4012 611 4076 dixerunt
633 4010 704 4075 alii:
727 4009 812 4076 Nori
835 4010 879 4075 dii
903 4015 1056 4075 venerunt

319 4137 370 4174 aare
396 4115 435 4182 ln
458 4116 622 4202 Egyptum
644 4120 739 4200 atque
761 4120 887 4180 nostros
909 4116 983 4180 deos
1006 4116 1214 4200 expulerunt:

367 4269 368 4272 ,
397 4221 482 4286 Nam
506 4243 561 4306 per
583 4223 685 4284 totam
707 4223 867 4306 regionem
890 4225 1047 4305 quotquot
1070 4225 1145 4286 tune
1166 4221 1297 4287 fuerunt

397 4326 610 4412 Egyptiorum
632 4325 718 4390 idola
740 4332 853 4392 cuneta
875 4331 1070 4392 eorruerunt.

396 4431 434 4498 In
457 4431 586 4518 Egypto
608 4429 670 4496 nob
695 4435 743 4496 est
765 4432 927 4517 templum,
950 4432 1091 4496 immune
1114 4431 1198 4518 quod
1220 4436 1374 4515 maneret,
