3034 4922
644 359 709 431 259

263 539 302 606 In
323 541 385 607 tide
407 563 483 606 nam
505 538 652 624 discipuli
672 560 745 604 oum
768 561 875 604 omnes
897 538 1084 604 vacillarent

262 643 311 710 De
332 645 392 709 filii
415 645 465 709 dei
487 644 644 729 passione,
667 665 789 708 necnon
812 644 1003 723 dubitarent,

264 748 340 815 Sola
360 749 455 835 virgo
477 747 618 834 perstitit
641 748 675 812 in
696 747 758 813 fide
780 749 937 833 passionis

186 875 238 914 ππ
264 854 340 922 Jesu
363 855 483 922 Christi
505 853 564 920 filii
586 855 636 918 sui
658 875 714 918 seu
736 854 982 920 resurrectionis

263 960 352 1047 lingo
373 981 458 1024 nnnc
479 959 679 1046 progredere,
702 959 795 1044 virgo
817 959 965 1045 gloriosa,

265 1066 315 1131 Ad
337 1069 430 1132 tuum
452 1084 549 1150 perge
572 1062 684 1142 filium,
707 1085 726 1128 o
748 1067 850 1128 mater
873 1085 1027 1143 amorosa,

187 1229 190 1236 .
265 1172 308 1236 Fit
331 1172 372 1236 ab
393 1192 432 1236 eo
455 1169 557 1254 recipe
579 1168 671 1255 regni
693 1168 847 1247 diadema,
866 1249 870 1255 Ι

161 1273 168 1288 '
265 1275 349 1342 Nem
371 1275 444 1342 sede
465 1279 501 1340 tu
524 1272 678 1340 locaberis
700 1272 840 1340 celorum
861 1275 895 1339 in
918 1276 1104 1359 supremi«

340 1593 462 1668 Maria
489 1595 690 1690 suscipitur
716 1617 740 1666 a
766 1615 865 1668 nono
892 1594 1017 1669 choro.

192 1822 243 1860 πω
270 1801 445 1870 Procedens
466 1804 518 1870 dei
539 1804 679 1891 genitrix
702 1804 890 1870 ascendebat
911 1805 1037 1870 demum

266 1908 317 1975 Ad
339 1931 459 1976 nonum
480 1909 612 1974 eborum
635 1910 821 1996 angelorum
842 1909 876 1974 in
898 1909 1027 1994 ueloque
1048 1931 1239 1995 supremum,

267 2013 328 2091 Qui
349 2019 481 2080 vocatur
506 2012 710 2099 »Seraphin«,
733 2019 765 2080 et
786 2015 892 2080 cuncti
914 2019 1130 2080 convenerunt

267 2117 357 2185 illins
379 2118 468 2184 chori
490 2118 622 2204 spiritus
645 2123 740 2204 atque
762 2122 967 2204 susceperunt

268 2221 416 2288 Sanctam
439 2223 489 2289 dei
511 2223 707 2310 genitricem,
731 2225 887 2310 virginem
910 2223 1055 2304 Mariam,

194 2345 243 2384 mc
268 2327 439 2394 Cantantes
462 2329 490 2394 ei
513 2327 649 2393 iubilum
671 2333 703 2394 et
725 2328 827 2394 laudis
849 2328 1058 2394 harmoniam.

269 2431 397 2499 Gabriel
419 2429 651 2518 Archangelus,
674 2435 729 2519 qui
751 2433 987 2519 conceptionem

269 2537 370 2603 Maris
391 2537 597 2602 nuntiaverat
619 2541 651 2602 et
672 2531 921 2603 incarnationem

269 2641 346 2708 Jesu
368 2640 488 2707 Christi
510 2640 570 2706 filii
592 2641 652 2720 dei,
675 2641 806 2727 spiritus
828 2641 914 2707 fflius
1064 2685 1065 2688 =

270 2745 365 2812 Ohori
387 2745 462 2826 fuit,
484 2749 522 2811 ut
543 2750 679 2812 testatur
700 2745 901 2832 Augustinus
924 2747 1005 2832 pius.

197 2870 246 2909 πω
270 2851 406 2918 Mariam
429 2851 482 2916 hic
503 2851 675 2936 suscipiens
698 2852 772 2936 plus
793 2852 939 2917 omnibus
961 2853 1130 2938 gaudebat,

271 2955 359 3033 Quod
382 2956 465 3021 hanc
486 2957 519 3020 in
543 2959 636 3020 tante
656 2956 760 3042 gloria
782 2957 920 3040 positam
944 2951 1081 3037 videbat,

271 3060 330 3128 Sed
351 3061 438 3128 illius
460 3061 549 3128 chori
571 3065 658 3128 totus
680 3063 868 3134 conveniens
890 3066 1064 3128 conventus

271 3165 468 3232 Decantabat
489 3170 522 3232 et
543 3165 650 3234 laudes
673 3189 745 3234 cum
767 3168 905 3233 carmine
927 3172 1115 3234 concentus:

275 3271 378 3338 »Aret
401 3271 496 3358 plena
517 3271 634 3357 gratia,
657 3271 752 3356 plena
773 3271 900 3352 deitate,

199 3395 248 3432 τω
274 3377 370 3442 Plena
392 3381 501 3444 sancto
524 3376 650 3460 spiritu,
673 3376 767 3460 plena
787 3375 936 3442 caritate!

272 3480 348 3562 Are,
371 3483 460 3548 ouius
482 3481 628 3546 dominus
650 3481 832 3546 habitatin
856 3485 971 3560 mente,

273 3585 401 3672 Semper
422 3609 481 3652 sua
501 3585 608 3673 gratia
628 3589 661 3650 te
682 3585 886 3680 custodiente.

272 3689 350 3772 Ave,
372 3713 434 3776 qne
455 3713 511 3775 pre
533 3691 658 3756 feminis
680 3712 713 3756 es
736 3691 856 3756 cunctis
879 3688 1043 3758 benedicta

273 3795 304 3861 A
325 3795 488 3882 prophetis
511 3795 658 3860 omnibus
680 3795 860 3860 stratibus
882 3795 1032 3879 predicta.

198 3915 248 3955 πω
273 3900 351 3980 Are,
374 3901 463 3966 ouius
485 3901 604 3966 ventris
626 3899 748 3965 fructus
770 3904 819 3964 est
840 3922 963 3986 semper
984 3899 1177 3978 benedictus,

274 4004 334 4082 Qui
357 4009 405 4070 est
426 4003 604 4070 seculorum
626 4027 682 4069 rex
704 4005 903 4090 omnipotens
925 4006 1071 4070 invictus.

275 4109 324 4176 ru
345 4131 402 4196 per
424 4114 513 4176 tuam
533 4111 700 4176 caritatem
721 4111 874 4176 mundum
897 4111 1068 4190 redemisti,

275 4213 358 4282 Nam
381 4219 510 4300 propter
531 4215 741 4291 dilectionem,
765 4237 861 4300 quam
881 4237 1032 4301 magnam
1054 4215 1195 4280 habuisti

276 4317 326 4386 Ad
347 4321 521 4386 humanum
542 4342 652 4407 genus,
676 4324 766 4386 tuum
789 4323 901 4384 natum
923 4319 1092 4399 tradidisti,

201 4439 252 4480 πω
277 4423 378 4492 Utin
400 4445 489 4492 cruce
510 4429 685 4493 moreretur
707 4431 739 4492 et
760 4425 865 4513 ipsum
887 4427 1028 4513 coegisti,

997 4527 1056 4586 17⁸
