3034 4922
774 349 836 416 174

308 547 360 586 ⁶1²⁰
386 528 518 606 Quidem
544 549 618 592 vero
640 526 866 611 deplangentes
889 526 1036 590 luxerunt
1058 529 1092 590 et
1114 523 1292 609 plorabant,

384 635 433 700 De
454 634 598 719 passione
620 633 739 698 domini
760 632 901 696 dolentes
924 630 1094 696 eiulsbeut.

356 951 459 1036 Quod
487 951 623 1026 milites
652 949 858 1026 diviserunt
885 949 1114 1022 vestimento
1140 947 1242 1019 Jesu.

386 1158 614 1244 Crucifigeutes
637 1155 754 1221 milites
777 1154 887 1220 Jesum
911 1153 1087 1220 diviserunt
1187 1151 1191 1160 '

385 1263 499 1328 Vestes
521 1263 597 1340 eius,
621 1265 758 1346 quatuor
779 1264 885 1345 partes
907 1264 940 1324 et
961 1259 1105 1326 feoeumt

387 1368 436 1432 Ex
458 1367 532 1446 illis,
554 1371 661 1432 tamen
683 1365 824 1430 tunicam
846 1365 912 1429 eius
934 1387 998 1429 non
1021 1365 1197 1438 sciderunt3

310 1491 362 1527 ⁵¹2⁶
390 1472 476 1538 Nem
497 1471 561 1536 fuit
581 1469 791 1548 inconsutilis,
816 1471 854 1534 de
877 1491 940 1553 que
962 1469 1008 1534 sio
1031 1469 1198 1548 dixeruut3

388 1575 481 1641 »Non
503 1576 599 1641 istam
620 1575 655 1639 iu
677 1574 864 1640 consutilem
886 1575 1027 1639 tunicam
1050 1575 1240 1650 scindamus,

388 1681 448 1747 Sed
471 1682 542 1768 quis
564 1681 649 1746 solus
671 1680 788 1746 habeat
809 1683 926 1744 sortem
948 1679 1133 1746 faciamus<

389 1787 473 1851 Hinc
496 1787 697 1852 observantes
720 1787 754 1850 in
776 1807 868 1850 cruce
889 1784 1000 1850 Jesum
1023 1787 1208 1865 residerent,

388 1891 482 1957 Judei
505 1914 629 1976 quoque
651 1892 830 1956 resedentes
853 1891 981 1955 domum
1004 1891 1174 1955 redierunt.

313 2017 364 2054 creo
391 1995 513 2062 Pilutus
532 2019 637 2082 preses
660 1996 802 2061 tabulam
825 2018 918 2080 super
940 2017 1063 2060 crucem
1085 1995 1166 2072 fixit,

388 2101 432 2166 Et
454 2102 487 2166 iu
510 2102 566 2166 illa
588 2100 718 2166 titulum
741 2101 964 2185 triumphalem
988 2101 1132 2185 scripsit:

391 2206 501 2272 ›Jesus
524 2206 717 2286 Naeareuus,
740 2229 795 2271 rex
818 2205 922 2292 mutis
944 2204 1128 2283 Jodeorum,

388 2311 487 2386 Quem
510 2333 568 2376 uos
591 2311 627 2375 ed
653 2311 839 2376 instantiam
861 2311 1029 2376 occidimus
1052 2331 1188 2376 corum«

375 2625 478 2711 Quod
507 2626 624 2699 Marie
650 2627 776 2722 putuit
804 2648 973 2699 accessus
1000 2625 1048 2697 ad
1076 2649 1234 2700 erucem.

390 2833 466 2899 Post
488 2857 657 2919 pravorum
680 2833 854 2900 Judeorum
876 2833 1031 2920 turboque
1053 2857 1208 2901 recessum

311 2959 364 2998 ⁵¹³⁶
390 2939 494 3006 Mater
516 2938 591 3006 Jesu
615 2945 691 3004 tunc
713 2939 830 3006 bebere
852 2940 956 3024 potuit
978 2961 1145 3006 accessum.

387 3043 438 3108 Ad
453 3065 574 3109 crucem
591 3065 666 3128 ergo
679 3050 827 3129 properet
842 3045 1028 3124 lamentans,
1049 3045 1212 3130 plangens,
1229 3045 1379 3124 stridens,

389 3148 510 3216 Netum
532 3171 625 3214 suum
647 3155 721 3214 ante
743 3173 776 3216 sc
798 3151 980 3216 crucifixum
1003 3151 1121 3216 ridens.

389 3251 499 3320 Omnis
521 3254 617 3320 homo
639 3255 718 3319 scire
741 3259 856 3339 potest,
877 3257 911 3320 in
934 3261 1054 3340 quento
1077 3261 1153 3321 tunc
1177 3254 1279 3318 Maria
1367 3323 1372 3334 ,

388 3358 504 3424 Dolore
526 3360 627 3424 cordis
650 3362 783 3439 steterit,
807 3382 879 3426 cum
900 3361 933 3425 in
958 3361 1074 3446 agonis

288 3467 362 3518 ιῡιιο
390 3463 504 3528 Mortis
526 3487 619 3529 suum
642 3464 742 3529 filium
764 3466 844 3530 vidit
867 3471 898 3532 et
920 3471 1084 3531 extensum

391 3567 539 3634 Manibus
562 3575 595 3635 et
617 3569 749 3654 pedibus
770 3571 917 3656 crucique
938 3593 1134 3656 suspensum.

390 3671 442 3738 Ad
464 3695 587 3740 crucem
609 3677 708 3740 currit
731 3676 853 3742 eiulans
872 3699 985 3742 manus
1007 3677 1206 3756 extendebat,

390 3777 549 3863 Ampleoti
572 3781 665 3864 pedes
688 3780 747 3845 filii
768 3781 906 3846 brachiis
928 3782 1064 3862 volebat,

390 3881 451 3948 Sed
473 3883 584 3968 nequit
605 3885 690 3950 huno
712 3887 888 3971 attingere3
915 3890 982 3950 tem
1005 3887 1069 3952 alte
1091 3907 1164 3950 nem
1188 3884 1354 3969 pendebat,

311 4005 363 4043 ⁵¹⁴⁶
391 3985 484 4054 Unde
506 4009 581 4054 suus
603 3989 735 4073 spiritus
758 3991 893 4074 emplius
915 3990 1052 4056 dolebat.

391 4095 547 4180 Amplexa
569 4101 674 4162 temen
697 4097 839 4181 stipitem
861 4097 962 4162 crucis
984 4100 1192 4175 cruentatam,

389 4199 433 4266 Et
456 4201 524 4266 nati
548 4201 596 4264 sui
620 4201 774 4286 sanguine
797 4207 898 4268 totam
921 4201 1128 4280 rubricatam,

391 4303 561 4370 Osculatur
582 4306 770 4390 sanguinem
791 4305 868 4372 Jesu
891 4307 1081 4372 defluentem

388 4408 436 4476 De
458 4409 523 4474 suis
546 4408 730 4476 vulneribus
754 4411 792 4476 ed
815 4417 994 4496 terramque
1017 4415 1214 4492 currentem,
