3034 4922
682 369 744 437 267

222 565 274 606 ποῦ
301 547 446 629 Tribuat
469 551 502 614 et
522 547 648 613 veniam
671 546 822 612 scelerum
846 567 996 627 meorum,

301 652 348 722 Ut
368 676 439 720 mea
459 653 556 739 digne
577 651 700 718 valeam
721 651 836 718 delicta
857 651 1007 737 penitere,

299 759 406 846 Atque
428 780 498 824 mea
519 780 581 843 que
601 757 746 823 commisi
768 755 912 822 facinora
934 756 1057 822 deflere.

299 863 431 950 Insuper
453 861 514 928 hoc
536 861 695 948 deprecor,
718 859 831 942 Maria,
855 865 957 927 mater
979 861 1038 941 dei,

299 967 479 1056 Dignanter
500 971 537 1033 nt
559 966 711 1052 suscipias
732 965 858 1032 laudem
880 970 992 1032 cantus
1014 966 1086 1046 mei,

222 1092 273 1132 mo
299 1074 344 1140 ut
365 1097 385 1140 a
406 1095 458 1138 rue
478 1094 544 1138 non
566 1071 720 1138 avertaris
741 1093 798 1156 per
818 1075 908 1138 tuam
930 1071 1081 1157 pietatem
1222 1091 1231 1106 ·

299 1177 411 1272 blcqne
433 1176 515 1243 mibi
538 1176 708 1244 subtrahas
730 1179 819 1244 tuam
842 1177 1037 1264 largitatem,

235 1279 238 1286 ’
300 1281 334 1350 Si
355 1283 461 1370 magis
484 1305 580 1368 quam
602 1283 770 1350 debueram
792 1305 888 1349 cansa
909 1287 941 1348 te
963 1281 1113 1349 laudandi

300 1387 489 1477 Censorini,
512 1388 562 1455 rel
585 1387 747 1456 occasione
768 1387 919 1454 carminis
939 1387 1088 1454 dictandi.

243 1625 314 1702 Hic
340 1629 475 1704 auctor
502 1625 690 1702 satisfacit
716 1627 960 1722 arguentibus
986 1627 1057 1702 hoc
1083 1649 1188 1723 opus.

300 1809 456 1877 Libellum
477 1810 574 1877 buius
596 1811 744 1876 carminis
766 1808 912 1877 omnibus
935 1809 1119 1876 transmitto

225 1932 276 1972 'm
301 1915 637 1996 mansuetioribus,
661 1916 791 2002 stipsis
813 1915 874 1982 boc
895 1915 1070 1994 committo,

299 2019 346 2088 Ut
367 2021 427 2088 hcc
449 2043 528 2108 opus
551 2023 717 2108 perlegant
738 2025 771 2087 et
792 2022 956 2110 cunigunt
976 2019 1160 2106 perlectum,

301 2125 346 2192 Et
367 2127 464 2192 etiam
486 2127 676 2208 examinent,
699 2128 751 2193 hic
773 2126 857 2193 forte
878 2127 906 2192 si
929 2126 1086 2192 deiectum

300 2228 449 2316 Aliquem
471 2232 660 2312 invenerint,
685 2233 733 2298 vel
755 2231 829 2297 fidei
852 2241 1010 2309 errorem

300 2333 349 2402 Ob
373 2337 508 2423 benigne
530 2337 580 2402 <lsi
601 2337 713 2403 matris
737 2341 769 2402 et
791 2337 925 2423 virginis
948 2357 1086 2402 amorem

222 2459 273 2498 ⁸0⁰⁰
298 2439 394 2507 Hunc
415 2442 592 2528 suppleant,
616 2443 665 2508 vel
688 2443 860 2528 corrigant,
884 2443 934 2508 vel
956 2442 1053 2508 etiam
1074 2441 1241 2520 abradant,

299 2543 369 2628 Vel,
392 2548 421 2614 si
442 2548 555 2632 placet,
579 2552 684 2613 totum
699 2547 816 2613 librum
832 2547 872 2613 ad
887 2547 1134 2613 comburendum
1149 2547 1287 2611 tradant.

299 2651 381 2730 Quia
402 2673 467 2718 non
488 2653 618 2718 intendo
640 2653 809 2739 quicquam
831 2653 883 2718 hic
907 2645 1141 2738 dogmatizata

301 2753 362 2823 Sed
383 2757 512 2822 modum
533 2779 589 2843 per
611 2758 769 2843 poeticum
792 2759 1013 2824 tantummodo
1034 2757 1162 2824 laudare

300 2857 455 2928 Volebam
478 2864 528 2929 dei
550 2863 735 2949 genitricem
758 2868 791 2930 ct
812 2863 968 2950 virginem
990 2861 1126 2929 Mariam

222 2983 274 3022 θοοῦ
300 2963 360 3031 Per
381 2965 473 3032 istius
495 2967 643 3032 carminis
665 2967 774 3033 rudem
796 2965 968 3052 poetriam;

301 3069 369 3136 Nec
390 3093 449 3156 pro
472 3093 546 3136 vero
567 3093 626 3137 nec
646 3094 705 3157 pro
727 3071 810 3138 falso
832 3073 1000 3158 quicquam
1022 3072 1076 3137 hic
1102 3071 1244 3151 defendo,

300 3173 439 3240 Tantum
462 3175 570 3242 landes
593 3177 643 3243 dei
656 3178 778 3243 'matris
800 3181 833 3244 et
854 3177 987 3264 virginis
1010 3177 1167 3256 canendo;

301 3278 344 3344 lu
366 3280 512 3346 omnibns
534 3281 719 3368 legentibus¹
737 3283 871 3348 concedo
893 3282 1078 3348 facultatem
1102 3299 1106 3308 ·

183 3371 186 3376 ’
301 3381 487 3472 Corrigendi
508 3387 558 3452 vel
581 3387 714 3467 delendi,
737 3388 765 3452 si
788 3409 883 3472 quam
905 3387 1076 3452 falsitatem

222 3507 275 3546 ccco
302 3486 494 3572 Invenerint‚
517 3492 664 3558 inducere
686 3515 747 3578 qne
770 3493 896 3558 valeant
918 3515 1071 3567 errorem

301 3591 385 3660 Nam
407 3597 511 3662 solum
533 3597 584 3664 dci
605 3599 716 3664 matris
739 3619 837 3684 quero
859 3598 983 3662 landem
1006 3601 1038 3662 et
1060 3597 1220 3662 honorem.

300 3696 351 3764 Sic
372 3702 512 3786 garrulis
534 3707 567 3769 et
589 3703 704 3768 invidis
726 3701 861 3768 facultas
883 3701 1068 3767 detrahendi

301 3799 508 3872 Subtrahitur
530 3809 562 3872 et
585 3807 696 3872 emulis
720 3805 840 3873 occasio
862 3805 1034 3872 mordendi.

142 4020 214 4095 Hic
241 4024 349 4117 ponit
375 4029 506 4100 auctor
532 4027 695 4120 gratiam
729 4027 934 4120 legentium
962 4027 1022 4101 vel
1055 4025 1285 4100 audientium

307 4149 365 4220 vel
392 4148 501 4221 scribi
529 4149 814 4243 procurantium
843 4149 942 4222 huno
969 4149 1119 4223 librum.

300 4327 393 4394 Hunc
414 4327 532 4395 librum
555 4329 656 4416 siquis
680 4330 794 4416 legerit
815 4331 856 4396 ob
878 4331 1004 4397 laudem
1026 4337 1058 4396 et
1080 4333 1223 4402 decorem
1366 4369 1369 4376 ’

223 4451 275 4492 sou
301 4431 409 4501 Dulcis
431 4433 532 4504 Maris
555 4435 699 4525 virginis,
722 4458 843 4502 necnon
867 4437 905 4502 ad
927 4437 1080 4508 honorem
