3060 4936
691 331 755 400 185

147 531 266 592 ponere
281 509 508 574 deliberabant.
532 513 564 576 et
578 510 730 592 ingressa
745 508 993 588 infirmitorium,
1011 511 1175 594 quoderat
1189 511 1301 576 domus

148 614 336 700 singularis,
358 615 541 680 clauserunt
564 615 646 680 ostia
668 615 830 700 repagulis
854 614 1078 694 obfirmantes,
1111 619 1144 680 et
1166 637 1300 697 mensas,

149 741 289 798 scamna,
313 724 460 798 truncos,
491 743 568 786 saxa
590 727 622 786 et
644 721 751 786 omnia
772 720 885 806 gravia
909 743 980 804 quse
1002 721 1119 788 habere
1142 725 1300 805 poterant,

150 825 368 905 advolverunt,
391 845 431 889 na
454 825 609 892 violenter
631 830 760 910 possent
775 825 955 910 dirumpere
978 829 1009 890 et
1032 827 1147 891 adeas
1170 826 1300 906 intrare,

146 931 341 1014 stabantque
375 930 409 994 in
442 929 589 996 fenestris
622 930 858 1014 superioribus,
896 930 1051 996 habentes
1086 929 1121 994 in
1153 931 1300 996 manibus

149 1035 280 1120 lapides,
304 1040 336 1100 et
358 1034 547 1120 phalangas,
572 1035 730 1100 calandria
753 1039 784 1100 et
806 1035 901 1114 colos,
925 1035 1054 1100 titiones
1078 1041 1110 1100 et
1132 1058 1208 1100 veru
1223 1034 1244 1115 ¹,
1269 1043 1301 1102 et

148 1165 220 1207 cum
237 1141 363 1226 ingenti
385 1140 470 1206 furia
485 1141 743 1206 circumstantem
760 1141 911 1226 populum
928 1141 1169 1220 maledicebant,
1193 1147 1300 1208 osten-

147 1249 257 1312 dentes
291 1268 381 1310 arma
407 1267 482 1324 sua,
516 1245 631 1330 quibus
665 1247 845 1311 accedentes
879 1231 1032 1330 impetere
1054 1251 1175 1330 paratae
1198 1252 1299 1318 erant.

147 1350 268 1416 Videns
290 1355 398 1416 autem
421 1350 550 1416 domina
572 1351 696 1416 ducissa
719 1355 845 1435 tempus
869 1351 1025 1430 transire,
1049 1352 1212 1418 mandavit
1234 1353 1300 1418 suis

149 1457 306 1522 militibus
341 1461 374 1522 et
403 1456 573 1521 clientibus
601 1477 714 1540 capere
745 1457 883 1522 domum.
926 1457 980 1522 sed
1010 1457 1160 1522 mandato
1192 1457 1300 1522 nullus

149 1562 272 1647 paruit,
296 1562 435 1627 dicentes
458 1563 554 1626 militi
578 1565 610 1628 et
633 1567 757 1626 armato
779 1566 969 1648 perpetuum
993 1561 1200 1645 opprobrium
1223 1583 1299 1640 esse,

147 1669 175 1732 si
199 1671 310 1732 contra
332 1667 485 1732 feminam
507 1673 633 1733 armata
656 1669 807 1752 procedat
821 1690 927 1734 manu.
952 1673 984 1733 et
1007 1671 1123 1750 praeter
1146 1667 1206 1734 hoc
1228 1691 1300 1734 oum

148 1771 214 1836 sint
236 1769 363 1836 feminae
394 1771 516 1836 nobiles
540 1776 572 1836 et
593 1773 706 1838 velatae
739 1773 904 1858 religionis
931 1795 1028 1838 sacrae
1051 1773 1138 1855 velo,
1171 1775 1301 1840 nonsit

148 1899 294 1942 securum
325 1876 480 1942 violenter
509 1899 603 1963 agere
633 1900 704 1942 curn
737 1878 798 1957 eis,
830 1901 870 1944 ne
900 1881 970 1962 quis
997 1878 1140 1944 incurrat
1162 1879 1300 1944 ecclesiae

148 2004 297 2048 censuras
321 1986 353 2046 et
375 1981 548 2048 amicorum
571 2003 680 2048 earum
703 1983 896 2048 inimicitias.
941 1981 1046 2048 lussit
1074 2005 1150 2069 ergo
1173 1984 1301 2048 domina

152 2087 184 2150 in
218 2086 334 2170 oppido
357 2083 584 2172 Schelklingen
617 2088 710 2173 signa
740 2111 812 2153 cum
845 2089 1006 2172 campanis
1037 2089 1106 2154 fieri
1138 2089 1176 2153 ad
1201 2111 1298 2154 arma.

150 2191 267 2277 quibus
283 2193 400 2258 auditis
415 2193 534 2258 rustica
548 2214 627 2278 gens
643 2193 683 2258 ad
699 2215 787 2258 arma
802 2195 942 2259 cucurrit
964 2199 996 2258 et
1011 2195 1157 2261 ordinato
1173 2195 1301 2287 agmine

148 2297 249 2362 exivit
271 2297 406 2382 populus
429 2299 462 2363 in
484 2299 713 2376 monasterium
738 2299 943 2364 dimicaturus
966 2304 1078 2372 contra
1101 2299 1298 2364 Amazonum
1309 2297 1398 2378 1322,

150 2405 340 2469 sectatrices
387 2401 517 2468 Vallata
532 2407 581 2468 est
603 2425 680 2489 ergo
697 2405 819 2483 domus,
844 2411 875 2470 et
890 2405 1082 2492 pugnaturis
1097 2406 1297 2470 commissum

148 2530 188 2572 ne
219 2505 408 2573 rebellantes
439 2508 606 2587 laederent,
640 2513 672 2573 et
706 2509 864 2573 industria
898 2511 1039 2577 virorum
1071 2510 1183 2575 domus
1206 2514 1300 2593 capta

148 2612 228 2692 fuit,
259 2617 291 2678 et
323 2613 476 2678 moniales
507 2613 540 2676 in
571 2614 747 2697 pertinacia
774 2619 936 2680 manentes
967 2614 1077 2700 ligatae
1105 2618 1181 2680 sunt
1211 2619 1244 2678 et
1265 2615 1299 2680 in

149 2718 277 2783 vincula
298 2719 457 2798 coniectae,
481 2718 612 2803 reliqum
634 2740 667 2783 se
690 2718 912 2784 submittentes
936 2724 1012 2784 sunt
1033 2721 1066 2786 in
1087 2721 1225 2806 gratiam
1248 2742 1298 2784 re·

147 2827 258 2908 ceptae.
307 2821 439 2889 Tradito
462 2829 568 2888 autem
585 2825 778 2889 monasterio
793 2826 827 2888 in
844 2847 957 2890 manus
973 2827 1109 2892 dominae
1125 2826 1298 2910 magistrae,

148 2929 292 2995 instituit
313 2951 411 2996 unam
434 2929 471 2994 de
487 2927 759 2994 reformatricibus
781 2931 814 2994 in
837 2932 1031 3015 priorissam,
1055 2937 1087 2997 et
1109 2932 1220 2998 notens
1235 2931 1299 2996 alia

147 3036 307 3101 commisit
330 3035 447 3100 officia.
493 3033 648 3100 Moniales
681 3041 788 3100 autem
812 3035 927 3120 aliquae
955 3036 993 3102 de
1016 3037 1236 3102 resistentibus
1259 3037 1298 3100 ad

147 3141 213 3206 alia
236 3140 400 3206 translates
423 3145 498 3206 sunt
514 3141 718 3220 monasteria,
742 3141 858 3224 aliquae
874 3163 948 3206 vero
971 3165 1028 3207 neo
1051 3143 1082 3206 in
1106 3141 1163 3205 illo
1187 3142 1299 3206 necin

148 3246 256 3330 aliquo
279 3246 342 3311 alio
367 3246 516 3312 volebant
539 3269 623 3325 esse,
653 3248 706 3310 sed
729 3247 949 3332 evagabantur
971 3247 1158 3323 hincinde,
1183 3245 1299 3329 aliquae

147 3351 182 3414 in
198 3351 310 3416 castris
326 3353 499 3418 manebant
514 3375 586 3417 cum
603 3352 712 3416 amicis
728 3356 760 3416 et
775 3357 847 3436 post
859 3352 1086 3437 experientiam
1101 3351 1299 3416 miseriarum

148 3479 283 3522 reversae
318 3463 394 3523 sunt
426 3465 552 3523 etcum
584 3459 674 3524 venia
708 3463 850 3542 receptae.
898 3457 1020 3540 lncepit
1043 3461 1150 3520 autem
1172 3455 1300 3518 domina

150 3560 321 3628 Gredanna
337 3564 492 3648 magistra
508 3585 571 3628 non
588 3565 729 3644 segniter
745 3585 847 3648 agere,
871 3563 924 3627 sed
943 3563 1089 3647 diligenti
1106 3583 1181 3626 cura
1195 3581 1299 3624 mores

152 3667 273 3732 ordinis
296 3667 424 3747 didicit,
456 3673 488 3734 et
510 3691 581 3734 cunr
605 3669 667 3734 sibi
690 3667 925 3734 adhaerentibus
947 3668 982 3732 in
1004 3672 1130 3733 tantum
1152 3665 1298 3750 profecit,

147 3776 185 3836 ut
208 3773 403 3851 maturitate,
428 3774 582 3858 religione
606 3779 638 3839 et
660 3775 747 3838 omni
771 3775 939 3858 disciplina
961 3773 1194 3839 reformatrices
1217 3792 1299 3855 prae-

148 3877 319 3959 callerent,
360 3901 439 3964 quas
472 3885 544 3963 post
578 3882 743 3945 decursum
778 3881 876 3944 trium
911 3901 1067 3946 annorum
1099 3877 1139 3942 ad
1171 3876 1300 3960 propria

147 3981 339 4048 remiserunt
355 3986 547 4050 monasteria
570 4007 640 4050 cum
656 3985 759 4050 mults
775 3985 952 4070 gratiarum
969 3985 1101 4061 actione,
1125 3987 1157 4048 et
1172 3981 1300 4046 domina

714 4131 731 4170 t‘

222 4250 230 4301 1
264 4243 410 4316 phalanga
438 4245 545 4310 stange.
578 4241 671 4310 (Plin.)
716 4239 858 4294 calandria
885 4241 943 4308 (111.
973 4237 1115 4306 calandret
1134 4233 1300 4302 maugrolle,

147 4332 286 4389 wellhola.
325 4331 402 4386 colna
419 4329 532 4384 lrunlrel.
571 4329 649 4391 11110,
675 4327 840 4390 1011001011,
869 4327 1012 4382 brennend
1038 4323 1104 4382 oder
1129 4321 1299 4392 abgeltscht

145 4422 301 4481 ofenscteit
320 4419 409 4491 (Cela,
431 4417 537 4486 Varro).
576 4435 642 4472 veru
661 4416 816 4486 brstspielt.
