3060 4936
658 353 720 418 169

113 553 180 598 cern
204 553 270 596 rem
292 531 376 596 hanc
398 529 573 594 deduceret.
619 529 664 595 Ilt
685 529 796 595 iteres
818 529 875 594 illa
889 553 945 614 per
960 529 1137 616 principem
1152 533 1225 614 post
1248 563 1263 578 ·

113 638 180 702 latu
203 641 251 701 est
273 657 292 700 s
314 635 470 720 magistro
492 633 613 700 ordinis
629 639 661 700 et
676 637 844 702 commissa
865 637 1018 721 praedicto
1032 637 1119 720 patri
1133 635 1263 722 AEgidio

112 741 342 821 Schwartman,
359 739 414 825 qui
430 763 515 805 anno
530 740 650 805 domini
668 741 751 804 1467
768 740 908 824 primum
924 745 1124 821 conventum,
1143 740 1263 806 scilieet

112 848 285 932 Medingcn
307 845 503 924 reformavit,
526 845 705 910 clausuram
737 846 856 910 ordinis
878 845 989 912 multis
1022 845 1186 912 laboribus
1212 847 1263 910 in·
1366 861 1367 864 ’

111 956 237 1019 ducens.
283 951 455 1017 Difficilius
479 955 585 1016 eutem
615 950 680 1015 luit
711 952 883 1016 secundum
905 955 1112 1029 conventum,
1144 949 1264 1016 scilicet

112 1058 306 1144 Medlingen,
330 1055 512 1135 reformare,
536 1055 611 1140 quio
633 1059 703 1120 eret
724 1056 816 1122 valde
831 1079 952 1141 pauper
967 1062 999 1124 et
1013 1057 1140 1142 magnis
1154 1055 1262 1139 impli-

111 1169 202 1230 catus
224 1163 349 1242 debitis,
373 1167 405 1228 et
428 1161 575 1226 ruinosus
590 1160 626 1225 in
640 1161 820 1241 structuris,
844 1183 959 1248 graves
975 1165 1007 1227 st
1031 1161 1125 1228 duras
1140 1161 1261 1226 habens
1386 1205 1388 1212 -

113 1291 276 1354 personas,
298 1273 330 1334 et
351 1287 444 1332 nemo
466 1265 603 1331 libenter
624 1287 753 1330 manum
770 1265 927 1350 apposuit.
975 1265 1094 1330 Verum
1115 1257 1360 1350 princepsrifflt,

110 1381 204 1440 terras
226 1372 385 1459 quiescere
419 1371 538 1450 noluit,
571 1393 735 1456 quousque
766 1371 1000 1437 reformaretur.
1053 1367 1149 1435 Anno
1184 1391 1261 1453 ergo

110 1477 232 1545 domini
256 1477 341 1543 1468
364 1477 507 1544 edductae
537 1481 613 1542 sunt
635 1499 759 1542 sorores
781 1477 819 1542 de
842 1475 1180 1542 Schdnenstainbach¹
1210 1499 1260 1540 re·

109 1584 328 1662 formatrices,
360 1588 392 1648 et
414 1583 571 1667 impositae
594 1581 787 1648 monasterio
810 1581 993 1668 Medlingen
1023 1583 1128 1666 ipsum
1158 1579 1261 1646 refor-

110 1693 259 1768 marunt,
292 1693 325 1754 et
355 1687 502 1773 pluribus
526 1687 617 1752 annis
639 1687 673 1751 in
704 1709 823 1773 magne
851 1687 985 1772 penuria
1012 1687 1059 1752 ibi
1093 1686 1259 1770 degerunt,

111 1797 189 1861 edeo
211 1800 249 1860 ut
270 1817 359 1880 paenc
381 1793 584 1878 desperarent
606 1814 639 1858 sc
660 1791 707 1857 ibi
728 1813 820 1877 posse
841 1814 969 1858 manere
998 1795 1030 1857 et
1053 1793 1182 1876 propter
1205 1811 1261 1874 pe·

110 1901 238 1967 nuriam
261 1904 293 1966 et
315 1899 423 1965 debita
445 1897 624 1963 struinam
647 1902 892 1978 structurarum,
915 1902 948 1962 ct
968 1896 1107 1962 maxime
1129 1900 1261 1980 propter

108 2003 362 2090 inquietudinem
386 2002 565 2088 aliquarum
588 2001 792 2087 antiquarum
815 2024 975 2082 sororum,
1007 2023 1077 2086 quae
1100 2023 1172 2066 cum
1194 2001 1259 2066 suis

109 2109 220 2176 amicis
243 2131 307 2173 non
330 2108 434 2174 solum
456 2111 657 2186 conventum,
681 2109 734 2173 sed
758 2111 860 2173 totam
876 2105 1036 2174 vexabant
1050 2105 1258 2192 provinciam.

110 2215 193 2282 Erat
215 2219 321 2280 autem
344 2214 379 2278 in
400 2211 499 2280 Ulmo
520 2213 665 2298 quaedam
689 2214 790 2300 virgo,
813 2215 864 2279 cui
885 2217 1032 2298 parentes
1052 2211 1103 2277 sui
1118 2210 1260 2277 defuncti

110 2321 246 2386 multam
268 2319 464 2404 reliquerant
494 2318 717 2384 substantium.
756 2318 823 2386 haec
852 2319 935 2385 votis
966 2319 1007 2384 ob
1029 2317 1090 2384 Dei
1119 2338 1259 2382 amorem

108 2447 142 2491 se
165 2423 314 2510 obligans
336 2423 564 2490 monasterium
586 2423 715 2509 aliquod
737 2425 858 2490 intrare
880 2424 1086 2502 deliberabat,
1110 2427 1142 2488 et
1163 2423 1259 2506 longe

108 2531 238 2616 lateque
260 2527 408 2595 Suesiam
430 2528 617 2594 circumiens
640 2533 673 2594 et
687 2551 786 2615 usquc
802 2529 961 2596 Basileam
976 2529 1146 2608 transiens,
1170 2549 1257 2612 quac·

109 2657 182 2702 rens
206 2636 310 2701 locum
332 2636 366 2700 in
390 2655 453 2719 quo
476 2633 544 2699 Dco
568 2633 680 2700 melius
702 2636 820 2700 servire
842 2640 965 2719 posset,
990 2634 1131 2720 viditque
1153 2633 1257 2698 diver·
1348 2710 1351 2720 .

108 2763 218 2808 sorum
240 2740 386 2806 ordinum
408 2740 601 2805 monasteria
629 2745 661 2806 ct
682 2739 863 2806 inclusoris.
897 2741 1025 2806 tandem
1056 2743 1163 2805 autem
1186 2759 1258 2803 cum

109 2850 213 2912 multa
227 2845 366 2931 insignia
385 2845 608 2928 perlustrasset
624 2846 703 2926 loca,
727 2847 873 2912 omnibus
888 2845 1075 2932 postpositis
1090 2845 1129 2910 ad
1145 2844 1258 2909 miser·
1296 2913 1300 2918 ,

109 2953 228 3018 rimum
248 2951 476 3018 monasterium
498 2949 682 3038 Medlingen
705 2955 834 3038 propter
854 2953 920 3018 cius
946 2951 1166 3018 necessitatem
1188 2949 1258 3014 ani·

108 3081 198 3124 mum
219 3058 370 3142 concepit
417 3053 510 3122 Unde
541 3079 624 3122 anno
656 3057 778 3123 domini
813 3057 896 3122 1474
928 3059 961 3122 in
995 3057 1046 3122 dic
1077 3059 1259 3121 sanctorum

110 3162 251 3248 Crispini
280 3167 313 3228 et
343 3161 535 3247 Crispiniani
567 3162 700 3246 receptis
734 3163 881 3228 omnibus
913 3163 1006 3227 bonis
1040 3182 1111 3226 cum
1145 3158 1259 3246 pandi

110 3269 297 3335 monasterii
318 3267 536 3334 benedictione
558 3267 702 3354 ingressa
724 3271 772 3333 est
795 3271 827 3331 et
854 3267 968 3332 habiti
998 3263 1118 3331 ordinis
1147 3265 1260 3328 induta

109 3397 182 3440 cum
205 3395 322 3460 magno
344 3373 462 3459 gaudio
484 3393 628 3438 sororum
652 3376 684 3437 et
706 3373 831 3459 ingenti
853 3361 930 3438 fletu
951 3371 1132 3436 amicorum.
1178 3369 1259 3434 Erat

110 3485 217 3545 autem
241 3478 332 3565 virgo
354 3478 411 3542 illa
434 3479 472 3543 de
495 3477 629 3542 honeste
652 3483 685 3543 et
706 3481 833 3543 vetusta
855 3469 1185 3542 Schleicherensium¹
1209 3474 1258 3539 fa-

109 3585 209 3664 milia,
233 3583 317 3650 dicta
339 3582 546 3669 Margaretlra
569 3581 825 3660 Schleicherinl,
856 3587 889 3648 et
917 3603 989 3646 cum
1017 3580 1082 3645 suis
1104 3577 1259 3644 fratribus

110 3713 146 3755 ac
170 3691 331 3755 sororibus
354 3711 390 3754 ac
412 3689 521 3754 multis
545 3688 653 3754 amicis
676 3693 709 3754 et
723 3711 841 3774 magna
856 3687 1007 3754 comitiva
1021 3683 1060 3750 ad
1077 3683 1259 3750 nubendum

114 3795 244 3862 Christo
266 3795 477 3860 descenderat.
522 3793 639 3859 Induta
661 3799 768 3860 autern
791 3794 983 3860 novitiatum
998 3791 1109 3856 devote
1124 3791 1258 3876 peregit,

114 3907 146 3966 et
168 3921 253 3965 enno
282 3899 426 3964 revoluto
456 3899 684 3984 professionem
713 3901 798 3965 fecit.
845 3899 933 3964 Adeo
964 3901 1070 3962 autem
1101 3895 1259 3982 religiose,

111 4005 240 4090 pacifice
260 3997 295 4069 'et
317 4003 487 4088 prudenter
509 4025 542 4068 se
564 4003 706 4138 gerebqt,
730 4009 767 4070 ut
789 4025 872 4069 anno
895 4002 1041 4088 sequenti
1063 4023 1083 4065 a
1104 4021 1163 4065 sua
1184 4022 1259 4083 pro-

188 4181 200 4233 1
222 4175 348 4233 Sehdnsn
360 4175 512 4232 steinbach
526 4175 611 4231 Wibl.
635 4177 907 4235 Schoncnstainbsch
919 4175 1008 4232 Schm.
1021 4177 1078 4232 und
1089 4177 1134 4233 die
1143 4178 1259 4235 andern.

114 4265 178 4324 wo?
244 4263 494 4322 28ticbereusinm
520 4265 593 4320 Mon.
616 4267 639 4320 l.
675 4265 923 4322 Schlicherensium
940 4263 1021 4321 Gold.
1036 4269 1075 4321 ut.
1105 4265 1259 4320 Schleiche·

110 4353 232 4409 reusium
252 4351 313 4408 Sch.
332 4351 376 4405 Kl.
396 4351 483 4406 Wibl.
505 4351 596 4407 Schm.
650 4353 821 4412 SSlichcrin
838 4354 911 4414 Mon.
932 4355 955 4409 1.
993 4353 1257 4414 SchlichsrinGold,

111 4445 152 4498 ut.
188 4441 376 4498 Scblcichsrin
395 4439 456 4498 sch.
474 4439 519 4498 Kl.
538 4439 625 4502 Wibl.
644 4441 734 4502 Schm.
