3060 4936
790 347 853 414 198

247 527 403 609 spectant,
427 525 552 590 etiamsi
575 524 727 608 mysticus
750 523 934 590 fabularum
956 547 1084 604 sensus,
1114 548 1179 610 qua
1200 532 1327 592 naturae
1350 528 1406 594 de-

247 630 394 716 signatur
416 653 537 709 cursus,
561 630 732 715 requisitus
755 629 864 696 fuerit.
910 629 997 696 Bene
1024 652 1100 716 ergo
1128 638 1161 696 et
1183 637 1401 718 congruenter

247 758 293 816 ea,
317 759 387 822 quae
409 736 448 802 de
470 735 614 800 lontibus
636 735 768 800 orientis
791 737 912 820 scripta
934 741 1027 816 sunt,
1055 736 1093 801 de
1116 737 1236 801 nostris
1257 737 1401 824 intelligi

247 845 380 926 possunt
402 840 515 906 ceteris
539 839 679 924 paribus.
725 838 800 904 Non
824 845 931 906 autem
960 841 1082 906 fontem
1106 840 1260 908 Burronis
1284 844 1400 922 solum,

246 948 300 1012 sed
323 952 356 1013 et
378 947 525 1032 scopulos
548 967 704 1032 rupesque
738 946 896 1012 montium
922 969 978 1031 per
1010 946 1077 1012 eius
1108 969 1226 1032 gyrum
1257 955 1401 1014 sacratos

247 1053 344 1120 fuisse
366 1075 438 1118 cum
461 1052 526 1118 suis
550 1051 662 1132 antris,
686 1073 779 1116 nemo
802 1056 850 1117 est
873 1053 928 1138 qui
949 1051 1031 1140 legit
1052 1055 1186 1138 antiqua
1200 1055 1346 1120 carmina
1368 1061 1401 1120 et

245 1180 311 1224 non
332 1159 450 1236 credat,
482 1158 531 1223 vel
565 1156 621 1244 qui
644 1157 724 1222 vidit
745 1153 966 1242 Augustinum
997 1158 1035 1222 de
1066 1158 1197 1224 civitate
1228 1159 1311 1240 Dei,
1345 1165 1401 1224 aut

246 1262 479 1349 Hieronymum
501 1263 535 1326 in
558 1263 623 1328 suis
646 1263 800 1348 epistolis,
823 1268 879 1328 aut
906 1262 1081 1330 Eusebium
1103 1265 1142 1329 de
1164 1267 1400 1350 praeparatione

246 1367 447 1454 evangelica,
479 1375 535 1434 aut
563 1367 721 1434 Joannem
748 1369 937 1434 Boccacium
968 1369 1006 1434 de
1036 1370 1226 1456 genealogia
1269 1371 1401 1437 deorum

245 1475 433 1560 gentilium,
465 1497 536 1540 cum
567 1497 624 1559 per
646 1497 763 1560 gyrum
785 1473 940 1540 Burronis
961 1474 995 1538 in
1028 1473 1118 1540 clivis
1148 1476 1308 1540 montium
1332 1498 1400 1542 cer·

245 1585 367 1645 uuntur
382 1579 540 1666 horrenda
555 1579 780 1666 Nympharum
795 1579 988 1646 habitacula.
1030 1579 1107 1656 Quis
1123 1581 1209 1646 enim
1226 1581 1398 1647 ascendens

244 1686 343 1752 clivos
366 1691 398 1751 et
419 1691 588 1770 penetrans
611 1707 710 1770 opaca
732 1691 765 1751 et
786 1686 958 1750 condensos
982 1685 1193 1772 virgultorum
1210 1685 1308 1751 rubos
1330 1708 1395 1750 non

245 1791 397 1870 miretur,
421 1791 518 1856 etiam
539 1791 696 1856 attonitus
718 1796 847 1876 stupore
872 1792 980 1856 videns
1003 1813 1154 1856 cavernas
1170 1796 1203 1856 et
1217 1791 1397 1876 speluncas,

245 1898 396 1962 scissuras
419 1901 581 1982 petrarum
603 1897 785 1976 mirabiles,
819 1901 957 1982 augusta
983 1901 1016 1962 et
1038 1896 1104 1961 lata
1127 1896 1255 1982 rupium
1279 1900 1399 1962 antra?

247 2001 297 2066 Ex
320 2003 468 2070 omnibus
490 2003 540 2070 his
563 2005 684 2084 infore,
713 2004 836 2069 fontem
859 2003 1013 2069 Burronis
1036 2025 1109 2069 cum
1131 2005 1197 2068 suis
1221 2003 1395 2082 montibus,

246 2107 384 2174 vallibus
408 2114 441 2175 et
463 2111 551 2174 silvis
574 2109 652 2176 olim
674 2109 735 2174 diis
758 2113 975 2174 consecratum
999 2108 1114 2187 finisse,
1143 2109 1193 2174 vel
1226 2109 1268 2174 ad
1290 2110 1396 2174 minus

245 2215 449 2296 sacrabilem,
482 2237 555 2281 cum
584 2216 682 2280 etiam
714 2237 828 2299 parum
851 2237 948 2299 supra
969 2214 1091 2280 fontem
1113 2215 1147 2280 in
1170 2215 1252 2279 clivo
1276 2216 1396 2299 reperi-

245 2327 340 2387 antur
362 2321 569 2388 fundamenta
602 2319 889 2386 vetustissimarum
918 2323 1171 2399 structurarum,
1203 2319 1396 2405 templorum

245 2427 347 2512 signa,
371 2427 528 2512 praecipue
551 2431 657 2491 tamen
680 2426 714 2490 in
736 2426 805 2490 loco
828 2425 1028 2504 monasterii,
1053 2425 1108 2490 ubi
1130 2430 1179 2492 est
1201 2425 1396 2491 confluentia

245 2531 379 2596 duorum
403 2531 571 2596 fluminum
589 2531 685 2597 nehae
709 2538 741 2595 et
764 2531 870 2596 BIauii
890 2531 907 2596 ¹.
955 2530 1037 2596 Loco
1068 2553 1145 2616 ergo
1168 2531 1224 2595 illo
1248 2532 1303 2596 diu
1328 2555 1395 2596 ma·

245 2641 340 2700 nante
355 2637 415 2701 sub
430 2637 500 2702 istis
517 2636 659 2721 profanis
677 2636 824 2714 cultibus,
849 2636 977 2700 tandem
993 2635 1394 2732 Nympharum'destructo

245 2741 319 2820 ritu,
335 2744 465 2827 tyranni
481 2765 519 2806 ex
537 2743 655 2826 templo
675 2741 826 2806 Burronis
850 2740 968 2824 refugii
983 2745 1104 2805 turrem
1120 2741 1273 2804 fecerunt.
1320 2739 1395 2804 Post

244 2847 304 2912 hoc
327 2870 398 2912 cum
414 2849 550 2912 mundus
567 2849 765 2912 illuminatus
781 2852 863 2922 esset
886 2846 946 2910 fide
964 2845 1148 2924 christiana,
1171 2844 1280 2910 fideles
1302 2868 1395 2930 super

245 2953 452 3017 fundamenta
473 2953 557 3018 iacta
579 2951 739 3038 Nymphis
763 2951 926 3016 ecclesiam
948 2951 1142 3016 suscitavere
1171 2949 1205 3013 in
1237 2949 1393 3016 honorem

244 3058 346 3123 sancti
368 3056 502 3123 Joannis
527 3058 689 3142 Baptistae,

187 3229 243 3262 'm'
377 3164 452 3249 »qui
476 3165 591 3230 meruit
613 3163 781 3256 lavantem¹
797 3163 921 3248 tingere
942 3160 1116 3247 lymphis«.

245 3270 354 3334 statim
378 3275 485 3334 autem
518 3273 553 3332 ut
584 3269 670 3332 locus
703 3269 825 3332 dicatus
860 3267 921 3332 fuit
943 3265 1062 3332 Joanni
1087 3267 1258 3352 Baptistae,
1293 3268 1396 3333 omnis

244 3373 468 3459 Nympharum
492 3375 619 3458 repulsa
641 3379 689 3438 est
711 3372 874 3457 spurcitia,
898 3377 930 3438 et
953 3373 1156 3458 lympharum
1181 3377 1229 3438 est
1250 3373 1394 3438 sanctifi·

108 3501 113 3510 ·
245 3485 351 3545 catum
373 3481 574 3558 elementum,
598 3483 630 3544 et
652 3501 822 3544 concursus
845 3478 1046 3562 populorum,
1069 3477 1125 3562 qui
1140 3478 1247 3542 fuerat
1262 3479 1304 3543 ad
1320 3501 1393 3544 cou-

177 3579 181 3588 ’
244 3585 411 3650 sulendum
435 3585 563 3650 oracula
585 3583 820 3668 Nympharum,
845 3605 1014 3650 conversus
1038 3588 1087 3648 est
1109 3583 1148 3646 ad
1171 3583 1395 3648 honorandum

148 3709 227 3790 niis
246 3690 511 3756 sanctificatorem
535 3687 749 3774 lympharum.
800 3687 889 3754 Unde
905 3688 987 3754 sicut
1003 3689 1128 3774 antiqui
1149 3695 1236 3754 certo
1252 3689 1304 3754 die
1321 3689 1394 3754 anni

175 3779 180 3790 ⁸
229 3779 285 3860 'ad
308 3796 461 3880 templum
487 3794 710 3880 Nympharum
734 3795 914 3873 veniebant,
938 3797 970 3858 et
993 3793 1119 3878 vigilias
1143 3793 1270 3860 insania
1285 3795 1395 3878 plenas

244 3901 456 3980 celebrabant,
479 3901 525 3966 sio
548 3905 620 3984 post
642 3901 744 3964 sancti
759 3898 781 3965 J
784 3900 895 3964 oannis
919 3899 1149 3964 successionem
1171 3899 1217 3964 ibi
1238 3921 1394 3964 convene·

243 4011 320 4070 runt
342 4007 381 4071 ad
404 4007 526 4084 locum,
556 4011 588 4070 et
611 4005 744 4091 vigiliis,
776 4005 973 4070 orationibus
1009 4009 1042 4068 et
1070 4003 1289 4070 oblationibus
1312 4007 1393 4070 cele·

244 4112 340 4178 brant
362 4115 478 4178 festum
502 4133 573 4176 cum
598 4132 716 4195 magna
737 4111 927 4195 populorum
946 4109 1138 4195 frequentia,
1161 4111 1269 4195 sicque
1293 4110 1396 4176 honor

810 4303 828 4340 ss

316 4439 328 4492 l
351 4438 408 4493 leh
427 4440 455 4492 et
476 4435 568 4493 ltlauii
588 4437 661 4493 lion.
682 4436 705 4490 1.
725 4436 808 4494 Gold.
826 4438 867 4492 ut.
