3072 4936
634 362 743 428 -97

149 535 274 600 dicatur
297 535 460 622 Altenegg
482 559 502 600 a
524 558 621 602 cornu
645 537 762 602 montis
785 541 817 602 et
838 541 1031 602 aretustate
1046 537 1299 605 inhabitatorum

148 641 255 706 castri.
301 639 335 706 si
359 647 466 707 antem
489 643 609 706 domini
626 643 713 707 illius
737 640 868 706 familiae
883 664 902 706 a
917 643 1087 708 teutonicis
1107 642 1169 709 hoc
1183 667 1298 712 nomen

148 743 262 811 Vetter
286 751 484 832 acceperunt,
508 749 637 834 signum
658 747 786 812 evidens
808 751 871 826 est,
903 748 988 832 quod
1016 748 1094 812 olim
1115 749 1149 813 in
1172 755 1299 816 tantum

148 850 236 915 aucti
259 856 292 916 et
314 851 519 935 multiplicati
542 855 618 916 sant
640 852 725 916 inter
739 851 872 931 nobiles,
896 857 932 916 ut
948 853 1000 918 vix
1016 852 1209 937 reperiretur
1224 878 1299 940 pro-

147 957 268 1040 genies,
291 957 342 1021 arri
357 979 423 1022 non
438 961 495 1021 aut
511 957 789 1042 consanguinitate
805 961 861 1020 aut
883 955 1041 1022 affinitate
1056 962 1112 1022 aut
1128 959 1299 1042 agnatione

149 1066 207 1126 aut
229 1063 420 1147 cognatione
442 1063 542 1126 iuncti
565 1066 687 1140 essent;
716 1062 798 1125 unde
821 1082 892 1126 cum
916 1061 1008 1146 quasi
1030 1062 1171 1126 omnium
1195 1071 1300 1130 essent

147 1166 377 1252 consanguinei
399 1165 556 1232 nobilium
579 1172 611 1232 et
633 1190 652 1230 a
675 1167 785 1231 multis
808 1166 1046 1251 appellarentur
1069 1165 1197 1248 Vetter,
1227 1170 1299 1235 ino-

148 1271 228 1337 levit
250 1274 454 1352 consuetudo,
477 1274 561 1358 quod
585 1274 682 1338 etiam
706 1273 802 1338 alieni
825 1272 866 1338 ab
889 1295 998 1340 eorum
1013 1274 1169 1360 sanguine
1185 1273 1298 1339 Vetter
1361 1359 1362 1362 Ἴ

147 1399 201 1442 eos
226 1382 390 1458 vocarent,
426 1379 533 1464 sicque
565 1401 679 1443 nomen
711 1379 755 1443 eis
785 1378 945 1443 remansit.
993 1376 1053 1443 Vel
1075 1379 1159 1444 forte
1183 1380 1298 1464 aliquis

146 1484 233 1546 inter
262 1503 315 1547 eos
346 1506 384 1548 ex
407 1483 566 1548 amicabili
594 1483 833 1548 conversatione
864 1483 987 1548 solebat
1018 1506 1125 1550 omnes
1153 1485 1298 1550 homines

147 1587 314 1652 nominare
336 1585 457 1666 Vetter,
481 1587 563 1652 sicut
587 1587 680 1652 hodie
695 1585 802 1672 plures
818 1589 1031 1672 reperiuntur,
1053 1588 1109 1674 qui
1124 1611 1163 1654 ex
1180 1591 1298 1656 virtute

146 1693 331 1777 eutrapeliae
354 1715 463 1758 omnes
493 1693 640 1758 mulieres
669 1693 837 1758 nominant
866 1715 989 1759 sorores
1022 1694 1071 1759 vel
1102 1698 1298 1775 materteras,

148 1802 181 1862 et
196 1819 305 1862 omncs
321 1819 423 1862 maras
439 1798 554 1862 fratres
570 1803 626 1863 aut
648 1803 790 1883 patruos,
813 1799 859 1863 sic
873 1803 905 1864 et
920 1798 973 1864 hic
987 1799 1114 1880 faciens,
1135 1805 1168 1866 et
1183 1823 1297 1867 nomen

147 1906 232 1989 quod
256 1903 327 1968 aliis
349 1904 445 1984 dedit,
470 1903 531 1968 sibi
554 1909 586 1969 et
608 1906 673 1970 suis
696 1903 831 1990 posteris
854 1928 873 1968 a
896 1905 993 1990 vulgo
1015 1906 1201 1988 impositum
1224 1907 1296 1972 fuit.

147 2011 198 2076 Ex
221 2009 308 2074 facili
329 2011 414 2074 enim
435 2031 510 2074 casu
534 2015 700 2075 mutantur
715 2011 846 2076 nomina
861 2009 958 2075 etiam
973 2009 1083 2076 invitis
1099 2011 1164 2076 illis
1180 2012 1297 2096 quibus

148 2115 277 2180 dantur.
333 2113 378 2180 Hi
410 2137 486 2198 ergo
518 2113 721 2180 Vetterenses
753 2116 827 2179 dum
860 2115 937 2180 olim
968 2115 1088 2180 divitiis
1124 2117 1297 2200 plurimum

149 2225 256 2286 essent
277 2220 395 2302 felices,
418 2219 610 2287 Noricorum
632 2222 706 2302 dux,
729 2221 874 2285 invidens
898 2243 1007 2284 eorum
1029 2219 1162 2305 gloriar,
1189 2221 1297 2306 plebe·

148 2349 242 2392 orum
264 2327 504 2412 gravaminibus
535 2349 588 2392 eos
610 2348 752 2410 premere
781 2329 813 2390 at
846 2329 952 2390 artare
978 2325 1163 2390 conabatur.
1211 2327 1298 2403 Qua·

147 2435 279 2517 propter
302 2430 419 2496 nativis
448 2431 514 2496 suis
543 2431 671 2496 sedibus
701 2429 858 2494 derelictis
887 2430 946 2494 sub
977 2429 1092 2514 aquilae
1123 2430 1297 2514 imperialis

146 2537 215 2602 alas
237 2535 466 2621 confugerunt,
499 2559 594 2621 seque
624 2537 750 2622 penitus
779 2559 799 2601 a
827 2535 959 2602 Bavaris
992 2536 1231 2616 alienaverunt,
1263 2537 1297 2600 in

145 2643 299 2728 oppidum
316 2641 424 2722 Werd,
441 2644 526 2728 quod
542 2644 644 2708 adhuc
659 2643 740 2708 exile
755 2647 834 2722 erat,
850 2641 1044 2706 domicilium
1057 2639 1297 2719 transferentes,

146 2770 203 2831 per
226 2769 362 2832 quorum
377 2747 546 2812 introitum
562 2752 666 2812 totum
689 2747 840 2832 oppidum
857 2748 1058 2814 melioratum
1073 2747 1136 2812 fuit
1152 2753 1185 2812 et
1199 2747 1297 2831 longo

146 2857 289 2937 tempore
312 2874 368 2938 per
389 2875 442 2917 eos
471 2853 695 2937 gubernatum.
740 2852 785 2916 Et
817 2853 892 2936 quia
921 2856 1012 2916 erant
1043 2851 1102 2916 vin'
1133 2851 1296 2938 magnifici

146 2956 295 3022 liberales
317 2955 484 3042 Deumque
506 2956 668 3032 timentes,
691 2954 844 3040 plurimas
868 2960 900 3020 et
922 2955 1058 3040 grandes
1081 2957 1297 3041 eleemosynas

146 3066 316 3147 perpetuas
338 3061 373 3125 in
396 3059 528 3126 diversis
550 3063 743 3136 statuerunt,
766 3059 967 3124 monasteriis
996 3064 1028 3124 et
1050 3059 1190 3124 ecclesiis
1214 3081 1296 3144 prae-

148 3167 267 3232 bendas
283 3171 316 3230 et
330 3165 482 3232 beneficia
497 3163 667 3228 fundantes
683 3165 715 3227 et
734 3160 959 3227 monachorum
978 3163 1137 3248 stipendia
1152 3163 1161 3200 ¹
1185 3163 1297 3228 malio-

146 3275 263 3336 rantes.
309 3270 390 3334 Erat
412 3270 497 3334 enim
519 3292 558 3335 ex
581 3268 772 3354 eis'quidam
787 3267 1026 3333 liberalissimus
1041 3270 1132 3334 miles
1148 3269 1299 3342 dominus,

146 3375 312 3442 Conradus
335 3373 457 3454 Vetter,
480 3375 534 3459 qui
558 3375 640 3439 miro
662 3374 756 3438 modo
779 3373 936 3458 religiosis
952 3373 1082 3440 affectus
1103 3374 1205 3438 multa
1220 3395 1296 3437 con·

145 3481 223 3546 tulit
239 3480 314 3544 hinc
329 3480 402 3544 inde
418 3480 617 3545 monasteriis
633 3479 673 3544 ad
688 3479 901 3563 provisionem
916 3501 1025 3544 eorum
1039 3477 1295 3544 indefectibilem.

146 3585 311 3670 Praecipue
342 3588 449 3650 tamen
478 3585 673 3650 monasterio
696 3581 908 3650 Caesariensi⁹
942 3606 1060 3670 magna
1092 3584 1297 3649 contulerunt

136 3690 298 3758 beneficia
320 3691 354 3754 in
378 3711 441 3776 quo
464 3712 536 3754 suas
559 3689 762 3754 honorabiles
785 3687 974 3774 sepulturas,
998 3693 1031 3754 et
1052 3695 1207 3776 perpetua
1228 3694 1296 3754 sta-

145 3801 278 3861 tuerunt
300 3795 524 3860 anniversaria.
571 3793 733 3880 Superiori
756 3798 860 3860 autem
884 3817 967 3859 anno
990 3796 1089 3860 abbas
1112 3795 1296 3861 monasterii

144 3901 284 3968 eiusdem
308 3900 347 3964 ad
377 3900 480 3964 locum
508 3899 680 3984 sepulturae
711 3899 911 3964 dominorum
935 3899 1171 3964 Vettereusium
1195 3899 1295 3984 quod·

144 4007 218 4072 dam
241 4004 409 4072 aedificium
431 4006 533 4070 erexit
555 4005 623 4070 sine
646 4027 755 4071 eorum
772 4003 986 4088 requisitione,
1011 4005 1094 4069 unde
1109 4009 1221 4069 contra
1238 4003 1295 4067 ab·

713 4147 732 4186 *

217 4260 230 4312 l
250 4259 280 4313 at
298 4257 496 4314 monachornm
510 4257 651 4328 stipendia
666 4255 784 4312 Schmid.
805 4255 891 4310 Wibl.
928 4254 1081 4326 pietantias
1095 4255 1294 4311 monachorum

146 4345 328 4403 meliorantes
340 4343 413 4400 Mon.
426 4346 451 4398 2.
470 4343 569 4400 Schad.
607 4343 761 4414 pictantias
775 4344 817 4400 lil.
855 4343 923 4397 ltine
941 4343 1021 4398 lticke
1039 4343 1132 4400 habea
1149 4342 1217 4398 Gck.
1236 4341 1295 4396 und

144 4434 217 4489 Besa.
291 4433 308 4486 2
327 4431 411 4488 wohl
430 4431 639 4498 Kaiaerswerth,
657 4432 810 4487 uuterhalb
828 4431 997 4487 lldsseldcrl.
