3034 4922
650 369 716 450 aar

267 557 335 623 Deo
356 562 389 623 et
410 557 592 623 bominibus
614 557 789 644 dilectaque
810 559 910 638 fuisti,

266 661 345 728 Gum
367 663 401 727 in
423 683 517 728 carne
538 685 631 748 super
654 668 773 729 terram
795 664 930 732 feliciter
954 669 1069 734 vixisti.

187 788 241 826 raso
267 768 410 853 Erasque
430 767 608 834 misericors
630 768 714 834 circe
735 769 917 852 tribulatos,

265 874 310 940 Et
330 873 465 940 nimium
487 874 681 959 compatiens
703 896 781 961 erga
801 877 1016 942 conturbatos.

265 977 420 1044 Omnibus
442 977 625 1044 hominibus
648 983 680 1044 te
702 978 875 1048 exhibuisti

264 1083 326 1151 Per
346 1085 594 1150 misericordiam
616 1085 699 1161 sicut
719 1087 861 1170 potuisti.

264 1189 411 1256 Effusum
432 1189 473 1254 ob
496 1189 557 1256 hoc
579 1189 684 1255 oleum
707 1212 739 1255 es
761 1191 889 1256 nomine
912 1197 1025 1258 vocata

187 1313 238 1352 aa
264 1295 308 1360 Et
330 1293 488 1360 distillans
510 1293 603 1360 favus
623 1293 728 1360 mellis
750 1300 855 1361 exstas
877 1301 1078 1383 nuncupata;

263 1398 370 1486 Atque
391 1404 427 1464 tu
449 1400 610 1466 vocaberis
632 1400 726 1466 stella
745 1402 940 1483 matutina„

265 1503 440 1570 Hominum
461 1507 494 1570 et
514 1505 702 1590 angelorum
724 1509 757 1570 et
778 1505 874 1570 seculi
897 1508 1017 1594 regina.

264 1609 364 1697 Perge
386 1632 472 1676 nunc
493 1611 533 1676 ad
555 1609 657 1674 filium
681 1614 772 1675 tuum
795 1611 835 1675 sd
857 1614 1054 1696 regnandum

264 1715 343 1782 (lum
364 1737 402 1781 eo
424 1736 547 1800 semper
568 1718 601 1780 et
622 1714 655 1778 in
679 1714 746 1779 eius
769 1714 874 1800 gloria
894 1716 1067 1784 letandum.

188 1839 239 1877 raro
264 1819 348 1886 Nam
370 1841 428 1906 pro
450 1819 515 1886 tuis
535 1819 657 1886 meritis
679 1841 699 1884 a
720 1823 811 1904 petre
833 1823 977 1888 coronari

202 1931 207 1942 '
263 1925 365 1992 Debes
387 1930 420 1992 et
442 1947 461 1990 a
482 1923 550 1989 filio
572 1928 628 1990 tuo
650 1923 817 2004 consolari,

263 2029 306 2096 Et
328 2053 347 2096 a
368 2033 478 2096 sancto
500 2029 615 2113 spiritu
638 2028 775 2115 benigne
797 2031 932 2096 recreari

262 2135 368 2224 Atque
389 2141 492 2202 totam
514 2135 693 2202 trinitatem
714 2135 847 2202 iocunde
869 2139 1107 2224 contemplari«

306 2454 427 2530 Maria
454 2453 655 2550 suscipitur
682 2479 706 2528 a
733 2455 893 2550 septimo
921 2457 1046 2532 choro,

139 2735 144 2744 ,
261 2665 337 2732 Post
357 2666 418 2730 boc
439 2662 556 2730 transit
578 2663 629 2728 dei
650 2666 751 2728 mater
773 2663 813 2728 ad
837 2665 1128 2748 »Dominstiones‹‚

184 2789 236 2826 aa
260 2769 371 2856 Itaque
393 2768 497 2836 vocati
519 2770 595 2832 sunt
618 2768 879 2854 congregationes

260 2875 457 2961 Angelorum
478 2871 605 2957 septimi
627 2871 726 2952 chori,
749 2895 829 2958 quos
852 2874 991 2942 habebat

259 2980 361 3046 Maria
383 2982 512 3044 cunctos
533 2976 654 3058 obvios,
676 2999 748 3042 cum
769 2977 852 3044 celos
875 2983 1071 3048 ascendebat.

259 3084 303 3150 Hi
325 3105 433 3150 omnes
455 3082 630 3148 adorabant
652 3081 734 3147 hanc
755 3105 827 3149 cnm
849 3085 950 3150 iubilo
971 3087 1151 3172 psallentes,

259 3191 303 3256 lit
324 3213 394 3256 eam
415 3188 630 3274 suscipiebant
650 3209 723 3254 cum
743 3190 861 3274 gaudio
884 3191 1039 3257 diceutes:

180 3312 234 3352 reo
263 3291 382 3380 »Virgo
404 3293 659 3379 prudentissima,
682 3316 745 3379 quo
768 3297 916 3384 progredi
939 3297 1090 3384 disponis,

258 3399 324 3477 Que
347 3400 446 3466 tantis
470 3399 503 3464 in
526 3397 699 3464 virtutibus
721 3421 866 3466 coruscas
889 3405 985 3487 atque
1007 3403 1124 3469 donis?

258 3505 307 3571 Tu
329 3529 362 3572 es
384 3507 461 3572 luna
482 3505 595 3572 clarior
618 3508 651 3570 et
671 3506 826 3572 universis
849 3505 960 3586 stellis,

258 3611 302 3677 Et
323 3611 422 3676 solem
444 3613 501 3674 tuo
523 3609 643 3676 lumine
664 3609 790 3698 fulgida
811 3611 963 3696 precellis.

257 3715 306 3782 Tu
328 3715 458 3801 spiritus
481 3713 641 3800 angelicos
663 3715 784 3782 moritis
806 3715 946 3801 procedis

177 3839 230 3878 τοῦ
256 3819 363 3907 Atque
384 3823 509 3886 sanctos
531 3819 696 3886 universos
719 3821 893 3886 virtutibus
916 3823 1048 3888 excedis.

256 3925 304 3992 'Pu
327 3931 384 3992 tua
405 3925 562 4010 sapientia
583 3925 758 3992 leviathan
780 3927 950 4011 prostrasti

257 4031 301 4097 Et
322 4031 486 4096 universos
508 4031 655 4098 demones
678 4031 801 4098 baratri
821 4031 960 4112 calcasti,

255 4135 299 4202 Et
321 4137 474 4202 mundum
496 4158 568 4202 cum
590 4137 760 4222 prudentia
782 4141 839 4202 tua
860 4136 1004 4202 liberasti

255 4240 303 4307 Ac
325 4245 382 4307 tua
403 4241 559 4327 sapientia
580 4241 663 4308 celos
685 4243 881 4308 restaurasti.

175 4365 229 4403 που
256 4345 359 4413 Deum
382 4351 526 4412 nostrum
548 4351 721 4414 creatorem
743 4347 781 4413 de
804 4347 878 4412 celis
901 4351 937 4412 tu
963 4347 1090 4412 traxisti

256 4449 300 4517 Et
320 4452 354 4516 in
377 4457 434 4519 tao
456 4453 606 4541 virginali
628 4457 738 4520 ventre
760 4451 958 4530 concludisti‚

138 4571 197 4622 vra
211 4571 287 4616 usa·
1005 4554 1037 4612 u
1061 4605 1068 4625 ,
