3038 4936
698 371 737 434 81

137 543 159 602 11
179 543 208 602 le
228 544 288 617 iet,
310 545 383 602 c’est
403 561 456 618 por
477 562 525 618 oe,
554 562 609 618 que
639 561 692 606 vos
721 561 758 604 ne
778 546 806 604 lc
827 562 931 604 serven
951 563 1012 606 mes
1033 563 1072 606 eu
1091 547 1239 620 maugier,
1271 547 1296 604 si

137 666 217 708 corne
238 667 292 711 vos
313 649 403 710 soliez
424 650 487 710 iere
506 651 548 708 ini
570 657 601 709 et
621 665 670 709 ses
690 651 916 726 compeignons3
939 668 974 711 or
994 652 1019 710 si
1040 670 1085 712 me
1105 658 1216 712 metent
1236 668 1295 726 sue,

137 771 191 828 qne
212 771 244 813 ce
265 771 317 815 vos
339 755 368 814 ci
389 771 426 828 ge
446 755 489 813 iet
508 754 580 829 fere,
602 771 662 814 mes
684 755 755 814 ades
776 754 823 814 lor
843 755 929 814 deust
950 757 1047 832 sofire,
1069 773 1124 830 que
1146 756 1178 816 .Ι.
1194 762 1295 816 autres

137 859 173 920 de
194 877 246 921 vos
266 861 310 920 les
331 861 449 934 serviet,
470 877 507 920 ne
527 877 582 935 por
603 877 636 920 ee
656 877 693 920 ne
713 877 758 920 me
780 861 920 920 deessent
939 862 961 921 il
981 879 1035 934 pes
1067 862 1153 920 avoir
1179 860 1295 920 cueillie

40 1045 46 1052 ι
138 981 172 1024 en
194 966 235 1024 tel
255 966 344 1026 haine
364 983 403 1025 eu
423 967 517 1026 meins
539 982 619 1026 come
639 966 675 1026 de
697 966 738 1025 tel
759 966 872 1025 blasme
892 975 986 1026 metre
1006 983 1065 1039 sus,
1087 983 1160 1040 quer
1179 966 1293 1026 libias·

137 1087 197 1129 mes
218 1077 265 1129 est
278 1077 345 1145 trop
359 1089 453 1145 grene
469 1077 502 1132 et
514 1077 581 1146 trop
595 1072 730 1132 vileins“
778 1071 920 1144 ,Mestres
942 1071 1070 1145 Tniles,“
1095 1069 1171 1151 [650]
1194 1073 1210 1129 1
1233 1071 1294 1130 dist

135 1176 157 1234 li
178 1193 350 1251 cmpereres,
375 1193 423 1250 ,se
443 1194 480 1252 ge
500 1178 617 1250 savoie,
646 1195 700 1250 que
722 1193 774 1236 vos
795 1193 849 1252 por
869 1194 902 1237 ce
922 1177 949 1236 le
970 1177 1088 1237 feissiez
1116 1195 1151 1236 ne
1178 1194 1230 1237 vos
1251 1195 1288 1237 ne

135 1298 189 1340 nus
209 1280 259 1341 des
280 1287 397 1356 autres,
418 1283 458 1342 n'i
478 1299 497 1341 a
517 1283 583 1357 nni,
604 1288 671 1341 tent
692 1283 750 1342 soit
770 1299 830 1341 mes
851 1282 934 1351 emis,
956 1299 1012 1356 qne
1039 1299 1077 1354 ge
1097 1299 1132 1340 ne
1152 1281 1180 1342 le
1202 1299 1283 1342 eoro-

135 1401 218 1460 oesse
238 1391 298 1460 tot;
319 1403 372 1447 vos
393 1389 474 1462 poise
494 1389 525 1461 il,
547 1403 579 1446 se
599 1404 636 1460 ge
656 1393 687 1446 et
707 1403 755 1447 me
774 1387 850 1446 ieme
870 1401 963 1446 eomes
991 1385 1059 1444 hien
1090 1384 1281 1446 ensemhie?“

135 1493 162 1550 A
183 1497 250 1551 tent
263 1509 294 1551 se
307 1491 384 1552 lievc
398 1509 452 1552 uns
467 1493 518 1552 des
533 1491 609 1552 .VIi.
631 1493 730 1566 seiges
745 1498 789 1570 (et
802 1501 835 1551 ot
848 1509 906 1552 non
920 1491 941 1554 J
942 1491 1018 1572 esse)
1042 1497 1072 1551 et
1093 1491 1170 1552 dist:
1196 1491 1289 1566 ,Sire,

134 1597 211 1657 tieus
231 1614 250 1656 e
269 1597 341 1672 iens,
363 1599 412 1670 qui
433 1615 469 1657 ne
490 1599 565 1671 voit,
587 1605 618 1656 et
637 1599 713 1656 tiens
735 1616 753 1656 a
774 1597 906 1669 oreiiles,
937 1598 987 1672 qni
1008 1599 1084 1670 n'ot,
1114 1602 1144 1655 et
1171 1597 1248 1656 tiens
1272 1615 1291 1656 ε

135 1719 212 1776 ouer,
234 1704 283 1778 qni
303 1705 449 1777 n’entent3
472 1704 490 1761 2
511 1709 634 1763 nostres
655 1703 757 1762 Tulies
778 1720 814 1763 nc
835 1711 905 1762 vnet
925 1719 980 1777 pes
999 1703 1125 1778 tencier,
1146 1703 1213 1762 sinz
1236 1719 1289 1763 vos

39 1787 44 1796 ¹
133 1809 263 1882 requiert
283 1809 370 1879 droit,
392 1827 466 1883 quar
486 1827 520 1870 es
540 1810 657 1884 peroles
671 1809 776 1870 rendre
790 1810 939 1870 n'evrions
953 1827 1007 1870 nos
1021 1809 1117 1870 iuison
1131 1827 1184 1869 nos
1206 1809 1289 1871 ΝΠ.

134 1930 153 1972 e
174 1914 204 1972 le
223 1913 308 1987 ierne,
329 1931 390 1975 mes
411 1933 430 1975 a
449 1916 481 1975 le
500 1933 588 1976 reson
608 1922 639 1975 et
659 1933 698 1975 eu
719 1916 797 1975 droit
817 1916 909 1974 seroit
929 1916 973 1975 ele
1001 1915 1140 1991 veincn03
1167 1932 1238 1975 veen
1260 1916 1287 1975 oi

134 2035 189 2092 qne
209 2036 248 2093 ge
268 2037 320 2079 vos
342 2019 401 2078 heii
424 2037 490 2079 mon
512 2021 602 2094 gaige
622 2021 640 2080 3
661 2027 692 2078 et
711 2037 764 2080 vos
791 2020 914 2080 liverrai
945 2023 1017 2080 bons
1043 2019 1184 2094 hostages
1204 2035 1287 2079 come

135 2130 183 2182 toz
204 2141 273 2197 pren
295 2124 330 2182 de
350 2129 443 2183 metre
463 2125 520 2182 moi
541 2132 642 2184 eontre
664 2123 695 2183 .Ι.
717 2125 865 2185 chevalier
883 2141 950 2200 cors
964 2143 983 2184 s
997 2141 1071 2194 cors,
1093 2141 1149 2198 que
1162 2131 1286 2184 nestros

135 2227 236 2288 Tuiles
258 2228 302 2287 dit
321 2229 417 2288 verite
438 2235 469 2288 et
489 2245 544 2303 qne
564 2229 745 2304 l'empereriz
766 2231 817 2290 11εῖ
836 2235 938 2304 poster
958 2247 996 2290 su
1010 2230 1147 2289 senechol
1162 2247 1196 2288 se
1211 2237 1290 2290 nort

132 2334 238 2394 escrite
259 2351 295 2394 en
316 2334 507 2408 Lomherdi03
531 2335 556 2394 si
577 2351 629 2396 vos
650 2337 706 2410 pri,
729 2353 784 2410 que
806 2352 859 2395 vos
880 2335 1037 2394 entendoiz
1058 2351 1097 2393 eu
1117 2335 1197 2394 droit
1216 2334 1288 2409 iere,

131 2457 190 2498 non
210 2456 264 2514 pes
285 2457 318 2500 cs
338 2439 457 2514 paroles
477 2445 578 2501 vostre
598 2440 674 2502 ieme
688 2441 825 2514 sostenir‚
846 2447 877 2499 et
897 2455 997 2499 sevos
1012 2439 1190 2500 nesenssiez
1211 2439 1290 2500 droit

131 2545 202 2620 iere,
224 2547 250 2606 si
271 2563 323 2606 vos
343 2563 380 2605 en
402 2547 567 2606 consciliiez
589 2563 622 2606 es
645 2547 788 2606 heronsi‘
821 2547 840 2604 4
863 2545 943 2620 ,Per
963 2543 1039 2618 ioi,‘
1073 2544 1132 2604 dist
1151 2545 1174 2603 li
1194 2560 1289 2618 empe-

131 2667 221 2726 reres,
246 2668 300 2724 ,ge
321 2652 395 2712 m’en
422 2652 623 2726 conseillerei,
653 2653 720 2712 eine
746 2667 801 2726 que
832 2667 869 2724 ge
898 2657 998 2710 vostre
1025 2651 1115 2724 geige
1144 2650 1285 2725 receive.⁸

130 2757 158 2814 Δ
179 2761 245 2814 tent
264 2772 296 2814 se
316 2755 385 2816 leve
404 2756 427 2816 li
447 2771 611 2831 empereres
633 2761 663 2813 et
683 2759 759 2814 treet
780 2761 871 2828 grant
884 2753 982 2828 pertis
1003 2753 1054 2812 des
1067 2755 1177 2814 herone
1199 2771 1287 2814 enne

131 2865 201 2934 pert
221 2867 251 2919 et
272 2859 318 2919 lor
338 2859 418 2934 quiet
438 2859 547 2918 conseil
567 2877 617 2918 sor
644 2863 722 2918 ceste
750 2858 845 2918 chose.
889 2856 1004 2932 ,Sire‚“
1041 2859 1122 2918 hient
1141 2857 1164 2917 li
1183 2861 1286 2936 heron,

137 2981 207 3040 ,nos
228 2981 281 3024 vos
302 2964 449 3038 locrione,
472 2979 527 3036 que
547 2979 600 3022 vos
626 2961 760 3020 meissiez
781 2965 860 3020 ceste
880 2961 967 3020 chose
988 2978 1025 3020 en
1045 2963 1138 3036 respit
1157 2965 1289 3038 trnsqn'e

133 3075 208 3144 tent,
230 3085 285 3143 que
305 3086 359 3130 vos
379 3069 517 3142 seussiez,
539 3083 570 3126 ee
592 3065 672 3147 [hid]
696 3068 712 3124 1
735 3065 872 3139 hiarques
887 3067 931 3126 vit
945 3083 982 3126 on
1001 3084 1068 3142 non,
1090 3085 1164 3142 quer
1184 3069 1229 3130 s'il
1243 3075 1289 3130 est

131 3177 176 3236 vis
197 3181 228 3234 et
248 3176 304 3233 l'en
325 3174 347 3234 li
368 3191 386 3232 e
406 3173 450 3234 fet
470 3174 573 3246 chose,
604 3189 659 3246 qne
679 3172 735 3232 l'en
756 3188 793 3230 ne
814 3170 898 3244 doio,
925 3172 948 3230 il
968 3189 1004 3230 en
1025 3189 1117 3233 sevre
1136 3173 1204 3232 bien
1224 3173 1287 3234 iere

131 3297 236 3356 qnerre
257 3296 309 3339 son
331 3279 436 3338 droit.i
483 3277 660 3352 „Seignor,“
685 3277 746 3336 dist
766 3276 789 3334 11
808 3293 987 3350 emperercs,
1021 3277 1140 3351 ,porion
1161 3277 1233 3336 dont
1253 3295 1287 3338 es

131 3385 207 3446 .VII.
229 3385 329 3458 seiger
349 3390 379 3444 et
399 3383 474 3442 fetes
495 3389 578 3457 tent,
606 3399 660 3456 qne
681 3381 703 3442 11
723 3398 755 3441 εε
776 3386 873 3440 tesent
893 3383 1025 3456 trusqu'e
1045 3382 1139 3442 lorsi‘
1174 3382 1283 3458 ,Sire,“

129 3493 211 3552 hient
233 3490 264 3564 il,
289 3489 492 3564 ,volentiers.“
536 3489 554 3546 2
575 3487 612 3546 Li
634 3489 728 3546 beron
757 3486 896 3546 vincirent
917 3503 950 3546 es
973 3487 1049 3549 .VI.i.
1071 3489 1170 3562 seiger
1191 3496 1222 3549 et
1240 3490 1287 3550 lor

129 3601 307 3656 nostrerent
326 3603 408 3655 nront
428 3596 464 3655 de
484 3595 587 3654 choses
616 3599 647 3654 et
667 3599 734 3652 tant
758 3594 804 3653 lor
833 3593 960 3652 distrcnt
984 3593 1051 3652 d’un
1072 3599 1103 3652 et
1122 3593 1180 3652 d'el
1201 3599 1232 3654 et
1252 3595 1287 3656 de

128 3718 295 3778 premesses
316 3701 402 3762 etde
422 3701 560 3775 services,
582 3717 637 3776 que
658 3699 681 3760 11
703 3698 779 3760 .VII.
801 3700 885 3774 seige
908 3716 939 3758 se
960 3706 1063 3760 turent
1082 3719 1101 3760 ε
1118 3707 1197 3760 ceste
1217 3699 1285 3759 ioiz.

130 3807 192 3881 Quo
212 3825 265 3868 vos
292 3808 365 3867 iroie
395 3823 432 3881 ge
462 3805 607 3866 content?
636 3807 672 3864 Li
696 3806 761 3882 jors
789 3806 825 3865 de
852 3805 926 3866 Noel
954 3822 1043 3880 pessa
1070 3813 1101 3866 et
1124 3805 1169 3866 les
1195 3805 1285 3866 festos

129 3919 270 3973 trestotes
292 3919 323 3974 et
343 3918 424 3987 tent,
446 3929 500 3986 que
521 3929 554 3970 oe
574 3912 641 3973 sint
661 3929 680 3971 ε
701 3911 733 3971 .Ι.
751 3911 834 3987 juedi
863 3927 958 3986 apres.
999 3910 1018 3970 3
1038 3909 1076 3970 Li
1092 3911 1228 3988 J‘eioliers
1249 3911 1285 3970 de

128 4019 159 4079 le
178 4023 317 4093 prevoste
337 4017 388 4078 fist
407 4036 425 4078 ε
446 4017 546 4078 sevoir
566 4033 600 4076 es
622 4015 698 4079 .VII.
721 4017 819 4090 seiges
839 4021 870 4074 et
890 4032 908 4075 e
929 4031 1015 4090 oens,
1044 4016 1094 4090 qui
1121 4015 1165 4076 les
1185 4017 1287 4076 lerons

123 4123 261 4199 inicient,
286 4123 391 4196 queis
411 4123 512 4197 prison
533 4123 623 4181 estoit
643 4129 710 4196 trop
731 4122 830 4196 pleine
851 4121 887 4180 de
909 4121 1010 4182 herone
1030 4125 1062 4182 et
1082 4121 1118 4181 de
1132 4123 1285 4182 mortriers

127 4237 159 4290 et
179 4247 234 4304 que
254 4229 277 4288 il
296 4231 336 4288 n'i
356 4229 475 4303 pooient
495 4233 574 4288 estre
593 4229 667 4302 tuit,
696 4232 727 4286 et
747 4228 879 4286 classent
899 4233 929 4286 et
949 4227 993 4287 les
1017 4227 1167 4304 jnjeesent
1196 4235 1227 4288 et
1247 4244 1284 4288 en

126 4335 323 4396 deiivressent
342 4335 373 4394 le
389 4334 491 4410 J'eiole,
511 4339 542 4394 et
561 4334 584 4394 il
605 4335 631 4394 ε1
650 4333 748 4394 firent.
790 4332 827 4392 Li
849 4331 924 4392 .VII.
947 4333 1030 4406 seige
1052 4337 1082 4391 et
1096 4332 1144 4407 eil,
1165 4333 1215 4408 qul
1236 4333 1278 4392 1εε

124 4441 225 4500 heroos
249 4439 390 4518 jujoient,
419 4440 533 4499 alerent
558 4439 589 4498 le
615 4445 646 4498 et
677 4438 881 4498 asemhlerent
910 4455 945 4496 en
973 4437 1154 4498 consistoire.
1206 4439 1282 4498 4Li
