3060 4936
588 343 594 354 ⁸
697 354 756 422 201

152 531 185 593 et
209 527 293 593 bona
315 527 364 592 sni
386 531 571 597 monasterii
595 531 741 616 absque¹
774 532 861 596 omni
892 553 968 596 cura
997 537 1030 598 et
1053 534 1167 598 timore
1189 555 1304 598 consu·

152 633 284 698 mebant
306 635 338 698 in
362 632 476 715 Ulma‚
508 636 564 702 ubi
587 636 729 722 quotidie
751 636 917 721 splendide
943 637 1102 704 vivebant.
1149 636 1200 702 Ad
1224 660 1303 723 quos

151 737 239 804 hand
262 739 394 804 dubium
417 763 526 806 eorum
549 741 724 806 confratres
746 745 779 806 et
802 740 921 816 domini
945 741 983 806 da
1006 739 1213 828 Wiblingen,
1243 743 1304 808 nl-

152 843 301 930 chingen,
331 845 513 912 Blaubtiren
535 852 568 912 et
591 845 797 911 chsahusen
814 845 983 912 veniebant
1001 847 1041 912 ad
1061 848 1302 928 convivandum,

150 950 259 1036 sicque
281 950 366 1016 bona
380 951 570 1036 temporalia
584 952 701 1016 amissa
717 951 871 1037 religione
886 953 1152 1018 monasteriorum
1172 953 1301 1019 illorum
1313 952 1398 1032 3255,

152 1054 421 1139 dilapidabantur.
467 1055 518 1122 Ad
541 1059 665 1122 tantam
689 1061 794 1122 autem
823 1061 1047 1140 paupertatem
1070 1057 1197 1124 devenit
1219 1059 1303 1124 Bur-

150 1161 238 1226 ronis
261 1161 498 1240 monasterinm,
523 1165 560 1226 ut
583 1161 622 1226 ad
647 1165 772 1246 tempus
795 1184 859 1226 non
882 1167 965 1228 esset
987 1163 1034 1228 ibi
1056 1185 1113 1228 nec
1131 1164 1230 1229 abbas
1246 1187 1303 1230 nec

149 1266 338 1351 praepositus
354 1287 412 1332 nec
426 1267 583 1332 monachi.
618 1272 650 1334 et
664 1271 740 1333 tunc
756 1267 853 1332 etiam
869 1268 1097 1334 monasterium
1113 1267 1302 1334 monialium

149 1372 280 1436 omnino
303 1371 417 1438 defecit
438 1376 471 1438 et
492 1372 527 1438 iu
549 1372 688 1438 nihilum
710 1372 872 1438 redactum
895 1372 975 1452 fuit,
1009 1373 1099 1438 cuius
1130 1372 1225 1438 hodie
1247 1373 1302 1438 vix

149 1477 272 1563 exignae
297 1482 451 1562 apparent
467 1479 574 1543 rninoe.
620 1476 702 1542 ldrat
717 1481 823 1542 autem
840 1477 986 1560 quadam
1001 1477 1130 1544 domina
1147 1478 1300 1562 praedives

150 1581 257 1662 vidua,
279 1579 418 1666 pnto'de
442 1580 548 1662 Ulmn,
571 1582 605 1646 in
629 1581 705 1647 villa
721 1582 860 1647 residens
878 1581 1097 1663 Blaublirensi
1123 1605 1193 1668 quae
1216 1605 1299 1648 corn·

150 1709 246 1771 passa
267 1685 456 1752 desolationi
478 1692 653 1753 conventus
674 1709 787 1752 manus
810 1687 952 1770 porrexit
974 1687 1143 1752 adiutrices
1170 1689 1210 1754 ad
1233 1691 1300 1754 eius

146 1791 386 1870 relevationem,
409 1797 442 1858 et
463 1792 511 1858 ita
532 1791 687 1858 revocatis
710 1792 847 1858 dominis
869 1796 1043 1858 conventus
1065 1790 1111 1856 ibi
1128 1792 1231 1858 factus
1251 1798 1300 1860 est

148 1896 236 1962 etin
260 1895 404 1980 personis
426 1901 458 1962 et
479 1896 731 1981 possessionibus
754 1897 905 1981 proficere
920 1897 1028 1982 coepit.
1074 1895 1194 1962 Verum
1210 1897 1299 1963 creri-

147 2003 262 2066 moniae
285 2001 405 2067 ordinis
425 1994 460 2067 'et
482 2001 639 2087 regularis
663 2002 865 2068 observantia
881 2002 1012 2068 minime
1036 2001 1298 2070 observabantur.

147 2105 260 2172 Ditsto
284 2111 391 2172 antem
413 2112 571 2173 conventu
586 2111 664 2172 orta
681 2107 805 2172 suntin
822 2107 1028 2174 electionibus
1045 2108 1199 2174 abbatum
1214 2109 1299 2174 mul-

151 2215 193 2276 tse
216 2211 435 2290 dissensiones,
459 2234 530 2277 cum
554 2210 647 2278 multi
670 2212 710 2278 ad
731 2212 923 2298 dignitatem
945 2213 1133 2298 aspirarent,
1157 2217 1190 2278 at
1212 2213 1299 2280 inter

147 2316 280 2382 abbates
308 2319 340 2380 et
372 2315 542 2382 monachos
571 2317 789 2382 contentiones
823 2323 856 2382 et
888 2317 971 2384 lites.
1031 2315 1123 2384 Unde
1154 2318 1299 2404 quadam

145 2421 289 2488 enormia
310 2421 502 2502 acciderunt,
525 2427 656 2506 propter
679 2444 749 2507 quae
765 2428 939 2490 conventus
954 2424 987 2488 in
1005 2445 1155 2510 magnam
1171 2425 1298 2490 devenit

146 2526 324 2593 infamiam.
370 2526 431 2594 Sed
454 2528 623 2612 quiscum
646 2533 788 2614 tempore
810 2529 917 2594 omnia
946 2533 1132 2608 transeunt,
1167 2531 1200 2593 et
1228 2551 1298 2614 quse

144 2631 277 2698 fuerunt
292 2633 434 2710 redeunt,
447 2621 488 2698 ¹ut
503 2633 536 2698 in
548 2635 706 2700 sententia
722 2633 859 2700 habetur
874 2635 990 2701 Selom.
1008 2634 1178 2700 ecclesiast.
1194 2635 1211 2699 1
1228 2655 1297 2719 cap.

146 2735 189 2825 [v.
214 2735 267 2825 9],
291 2759 362 2803 cum
385 2741 558 2804 conventus
581 2747 654 2823 post
681 2739 749 2805 hoec
782 2741 823 2806 ad
853 2741 1032 2826 regularem
1061 2738 1298 2806 observantiam
1371 2765 1373 2768 ·

145 2843 337 2910 reformatus
359 2841 482 2920 fuisset,
506 2843 600 2908 rediit
616 2865 688 2910 cum
713 2847 823 2910 sancta
838 2844 1039 2912 observantia
1061 2848 1094 2909 et
1111 2844 1204 2922 bona,
1228 2865 1298 2928 qnae

145 2949 292 3033 perierat,
316 2949 411 3014 fama.
446 2949 479 3012 in
503 2948 568 3014 dias
583 2949 667 3014 enim
683 2950 835 3033 proficere
856 2953 1029 3034 coeperunt,
1053 2953 1086 3014 et
1106 2971 1203 3033 snpra
1217 2948 1297 3014 alios

145 3053 266 3122 vicinos
288 3059 461 3120 conventus
476 3053 570 3120 utiles
592 3075 743 3138 personas
759 3053 866 3138 adepti
879 3058 965 3134 suut,
988 3055 1097 3119 doctos
1113 3053 1147 3118 in
1163 3053 1296 3132 artibus,

143 3161 177 3226 in
199 3183 289 3226 sacra
309 3160 487 3246 theologia,
518 3161 551 3224 in
573 3159 744 3246 physica²‚
767 3158 967 3238 medicinis⁸‚
998 3157 1141 3224 historiis
1159 3162 1192 3223 et
1214 3157 1403 3248 aliiaffib

143 3271 176 3332 et
198 3289 255 3350 per
277 3265 385 3332 omnia
415 3270 491 3331 sunt
513 3266 593 3331 tales
623 3265 744 3330 domini
773 3264 860 3330 illius
883 3269 1056 3330 conventas
1086 3263 1169 3328 sicut
1200 3285 1298 3347 snpra

141 3375 240 3457 patet
285 3370 371 3436 Huic
402 3376 509 3438 antem
539 3369 710 3436 conventui
740 3371 890 3454 praesidet
912 3391 997 3434 nuuc
1020 3368 1079 3433 Dei
1109 3367 1217 3453 gratia
1246 3369 1297 3432 in-

141 3477 244 3564 signis
267 3477 317 3541 vir
340 3477 485 3542 dominns
514 3475 685 3541 Heinricus
717 3474 814 3540 Fabri
847 3475 1054 3562 dignissimus
1087 3471 1206 3552 abbas.
1242 3473 1298 3558 qui

141 3571 252 3648 nostro
276 3605 344 3648 arvo
366 3586 467 3648 totam
494 3586 687 3647 structuram
721 3581 845 3666 antiqui
878 3585 1052 3646 conventus
1083 3577 1233 3658 resolvit,
1266 3582 1298 3644 et

139 3711 257 3754 novum
274 3688 447 3754 claustrum
463 3710 527 3752 non
544 3693 608 3752 tam
626 3686 809 3770 pretiosum,
834 3707 930 3776 quam
947 3685 1129 3752 ordinatum
1144 3683 1292 3768 pulcher·

141 3797 363 3879 rimrrmquea
391 3793 608 3860 fundamentis
641 3791 807 3857 suscitavit
837 3791 870 3855 in
893 3789 1036 3854 omnium
1066 3795 1228 3874 stuporem
1262 3792 1294 3854 et

138 3899 393 3966 admirationem.
439 3897 574 3964 Solertis
596 3919 673 3983 ergo
695 3895 783 3960 illius
807 3895 969 3961 reverendi
992 3895 1093 3980 patris
1114 3899 1146 3960 et
1162 3916 1294 3959 suorum

139 4005 368 4070 monachornm
391 4004 497 4069 studio
520 4009 553 4068 et
574 4002 755 4068 obedientia
778 4006 843 4066 stat
865 4006 1039 4066 conventus
1055 4000 1110 4065 ille
1125 4001 1158 4064 in
1176 4020 1294 4084 magna

707 4147 723 4185 *

212 4262 221 4313 l
244 4256 349 4326 absque
368 4256 440 4312 fehlt
458 4256 501 4310 bei
523 4255 595 4311 Mon.
616 4255 628 4308 l
659 4255 713 4319 Kl,
733 4255 833 4310 ebenso
847 4253 1044 4324 ursprdnglich
1063 4252 1107 4306 bai
1127 4249 1196 4310 son..
1215 4251 1283 4305 aber

138 4365 195 4404 von
213 4345 332 4401 andacer
351 4343 427 4400 hand
445 4344 483 4398 ist
502 4343 606 4412 absque
624 4341 880 4410 hineinkorrigiert.
935 4343 951 4394 2
970 4338 1147 4410 philosophia
1166 4337 1238 4394 Mon.
1261 4339 1283 4392 l.

138 4434 219 4492 Gold.
240 4435 280 4487 ut.
351 4434 368 4488 3
387 4429 525 4487 medicina
545 4431 631 4486 Wibl.
650 4431 740 4487 Schm.
