2996 4924
524 269 700 390 Ι39

265 495 371 583 Atque
392 519 464 562 oum
485 497 674 586 virginitate
696 503 839 565 muneret
860 501 1055 585 inoorrupte,

265 602 316 669 Ita
337 603 422 690 quod
444 627 509 670 non
531 603 671 690 aliquem
693 605 815 690 prolem
837 609 1016 690 proereeret

170 789 176 800 ¹
265 708 372 794 Atque
393 731 524 795 germen
547 711 676 776 seminis
699 710 824 776 nullum
846 715 1023 796 generaret.
1098 753 1103 760 ·

264 811 314 878 Ob
336 813 397 879 hoc
418 815 579 881 iusserunt
601 816 752 901 presules,
775 819 812 881 ut
834 815 974 900 virgines
997 816 1092 882 etatis

200 937 238 975 us
265 917 389 1000 Debite,
413 919 463 985 vel
486 941 547 1006 que
568 919 728 986 venissent
750 921 789 986 ed
812 941 912 986 annos
934 919 1122 1005 pubertatis,
1259 975 1263 984 .

261 1022 477 1091 mederentur
497 1025 619 1110 nuptiis
642 1025 681 1090 erl
704 1025 825 1110 prolem
848 1025 1062 1110 generandum

264 1129 371 1215 Atque
392 1130 442 1196 sni
464 1131 617 1216 germinis
639 1130 850 1216 propaginem
871 1123 1047 1198 creandum

109 1422 210 1509 Quod
245 1428 356 1500 multi
388 1430 540 1503 iuvenes
570 1429 835 1502 desiderabunt
869 1429 1028 1503 Marium
1068 1431 1250 1525 virginem

541 1551 577 1622 in
607 1551 815 1644 coniugem.

261 1759 350 1846 Ergo
371 1758 467 1824 multi
488 1758 548 1824 filii
570 1757 727 1845 nobilium
749 1763 914 1840 venerunt,

262 1863 323 1942 Qui
346 1863 481 1929 Marium
503 1863 660 1950 virginem
682 1865 716 1929 iu
739 1885 888 1949 sponsum
911 1866 1100 1949 petiverunt,

197 1987 237 2026 ne
262 1969 310 2035 Ae
329 1969 447 2035 diversi
469 1971 608 2050 invenes,
631 1970 686 2055 qni
709 1969 803 2035 thoro
826 1970 987 2055 coniugali

262 2073 448 2155 (inruerunt,
470 2077 695 2156 oonveuerunt,
718 2079 756 2140 ut
776 2075 854 2159 ipsis
876 2073 1017 2139 mnritnli

259 2179 425 2246 Consortio
448 2180 647 2246 sanctissimo
668 2179 773 2252 Maria
794 2179 983 2260 truderetur,

260 2286 303 2352 Et
324 2287 370 2354 eis
392 2309 450 2372 pro
472 2287 617 2373 legitime
638 2308 755 2372 sponse
776 2286 979 2372 iungeretur;

258 2391 342 2458 Nam
365 2415 422 2478 per
443 2393 624 2458 universam
645 2397 764 2458 terrum
786 2391 850 2458 luit
870 2391 1037 2478 divulgato

198 2513 234 2552 m
260 2496 342 2564 teus
364 2495 474 2582 ipsius,
497 2501 530 2562 et
552 2495 636 2581 quod
660 2495 911 2567 essetomnibus
934 2498 1047 2562 ornate

257 2601 439 2676 Virtutibus
461 2605 494 2667 et
513 2601 656 2668 moribus
679 2601 770 2666 bonis
792 2601 949 2680 decorate,

256 2705 303 2772 Ae
324 2727 444 2792 megne
465 2705 689 2791 puchritudine
711 2706 819 2771 vultus
842 2709 1021 2785 venustate,

255 2809 299 2877 Et
320 2833 415 2896 super
436 2831 546 2876 omnes
567 2809 707 2897 virgines
729 2810 813 2876 foret
835 2811 985 2896 speciose,

257 2915 304 2982 Ae
324 2938 419 3002 super
440 2921 569 2982 ounotes
594 2916 742 2982 mulieres
764 2919 846 2982 esset
867 2915 1019 3002 gratioso.

195 3039 232 3077 ιιι
256 3021 343 3108 Ergo
365 3021 427 3088 eibi
450 3023 585 3107 quilibet
606 3023 709 3108 ipsum
731 3021 873 3108 copulari

257 3125 373 3192 Petivit
394 3131 426 3193 et
448 3127 482 3192 in
504 3128 671 3213 conjugem
693 3127 816 3192 duloem
838 3126 900 3192 sibi
921 3125 991 3191 (leri
1077 3180 1081 3195 .

255 3231 446 3318 Argentum,
469 3255 593 3315 surum,
616 3255 748 3300 munere
770 3233 900 3318 quidem
922 3229 1116 3308 obtulerunt,

256 3337 319 3403 Alii
343 3339 554 3422 possessiones
577 3339 694 3405 multus
716 3339 947 3424 promiserunt3

256 3441 338 3530 Opes
359 3448 393 3509 et
413 3443 579 3530 pecuniam
602 3445 732 3530 quidem
753 3445 916 3530 prebuere,

196 3565 231 3604 ⁰⁸⁶
257 3549 302 3618 Ut
323 3549 459 3616 Marium
480 3549 638 3637 virginem
661 3555 791 3636 possent
813 3550 965 3616 obtinere.

110 3839 208 3926 Quod
225 3849 416 3942 pontifices
434 3849 710 3925 mundaverunt
731 3848 848 3922 Marie
874 3845 972 3941 quod
993 3844 1151 3940 eligeret
1172 3839 1241 3915 sibi

304 3973 428 4046 virum
455 3993 565 4070 quem
595 3971 748 4046 duceret
774 3973 813 4044 in
840 3971 1031 4044 maritum.

253 4175 326 4246 Ideo
347 4180 513 4266 pontifices
535 4180 672 4248 Marium
695 4186 897 4261 vomuerunt,

254 4281 405 4351 Meritum
427 4291 464 4352 ut
486 4287 641 4372 eoeiperet
662 4287 724 4352 sibi
745 4287 988 4368 mandaverunt,

254 4387 296 4454 ut
317 4411 356 4457 ex
375 4389 440 4456 illis
462 4391 608 4458 omnibns
631 4413 740 4474 unum,
764 4393 819 4478 qui
840 4391 989 4478 placeret,
