3014 4926
669 403 731 480 142

284 585 460 675 Quidquam
483 589 521 654 de
544 589 743 673 pauperibus,
768 591 819 655 vel
842 611 995 675 pauperes
1017 595 1152 671 curaret,

205 713 260 752 ⁴²⁵⁰
285 693 345 760 Sed
366 693 519 776 furerat,
542 695 582 760 ad
604 717 755 779 expensam
778 697 862 782 quod
885 698 1012 763 domino
1034 698 1171 762 dabatur

283 798 479 865 consensus
501 821 623 884 semper
646 801 785 886 aliquam
808 806 931 886 partem
955 802 1144 878 furabatur3

281 902 365 969 Nam
388 925 474 970 more
494 904 602 970 furum
624 904 744 971 loculos
766 907 905 972 occultos
927 908 979 972 hic
1002 908 1149 988 habebat,

282 1007 457 1096 Furarique
480 1011 635 1076 decimum
657 1011 820 1077 denarium
842 1011 974 1078 solebat.
1020 1093 1024 1104 Ι

284 1112 375 1180 Unde
397 1119 503 1182 tamen
526 1115 628 1180 doluit
649 1121 779 1201 propter
800 1117 861 1182 hoc
883 1122 1092 1204 unguentum,

204 1236 256 1276 ⁴¹⁶⁶
281 1219 331 1285 Ex
352 1222 423 1306 ipsc
445 1243 519 1286 uam
542 1227 723 1306 speraverat
744 1223 796 1286 hic
818 1223 1076 1302 emolumentum,

281 1325 373 1402 Quod
394 1347 452 1410 pro
474 1327 613 1390 nummis
634 1327 662 1390 si
683 1327 832 1392 trecentis
855 1328 1016 1393 venditum
1039 1328 1161 1406 fuisset,

215 1447 222 1458 ·
284 1428 415 1495 Furtum
439 1431 480 1495 sd
501 1431 647 1496 denarios
668 1431 804 1516 triginta
826 1433 1000 1517 recepisset.

281 1533 341 1600 Sed
364 1539 401 1599 ut
421 1535 516 1600 miser
539 1533 688 1599 damnum
710 1536 810 1620 possit
833 1535 892 1600 hoc
914 1559 1107 1621 recuperare,

283 1638 393 1706 Jesum
415 1662 473 1725 pro
495 1639 631 1726 triginta
655 1641 792 1705 nummis
814 1641 951 1706 decrevit
973 1641 1162 1706 venundare.

393 1958 497 2046 Quod
522 1959 641 2034 ludas
667 1959 823 2034 tradidit
850 1958 992 2034 Jesum.

203 2189 257 2227 «κο
282 2168 333 2236 Ad
354 2171 552 2236 sacerdotum
574 2169 732 2255 principes
754 2175 787 2236 et
808 2171 848 2236 ad
870 2169 1032 2254 phariseos

281 2272 354 2339 Ibat
375 2274 429 2340 ille
451 2274 598 2358 perfidus,
621 2276 726 2340 diceus
749 2275 809 2340 hoc
830 2275 869 2339 ad
893 2295 960 2340 eos:

285 2377 386 2455 »Quid
408 2379 505 2444 vultis
527 2379 607 2444 mihi
630 2380 725 2464 pretii
747 2380 845 2444 dare?
869 2380 959 2445 vobis
980 2380 1105 2444 tradam

281 2481 391 2548 Jcsum
414 2482 576 2548 Christum
599 2489 631 2549 et
653 2483 815 2550 vobiscum
837 2484 914 2549 illuc
936 2504 995 2571 ego
1019 2485 1131 2549 vadam

280 2587 454 2668 Deducens,
476 2589 532 2653 ubi
554 2609 609 2654 uos
631 2589 763 2674 potastis
785 2590 888 2674 ipsum
912 2589 1072 2674 captivare
1080 2593 1116 2653 P«

206 2711 257 2748 ωδ
281 2693 343 2770 Qui
365 2693 500 2780 triginta
522 2693 583 2758 sibi
605 2717 751 2760 nummos
773 2696 987 2780 promiserunt
1009 2695 1091 2760 dare.

279 2795 383 2882 Igitur
405 2801 477 2882 post
498 2799 560 2864 hoc
581 2800 732 2884 querebat
754 2799 1013 2884 oportunitatem,

282 2903 329 2970 Ut
350 2909 455 2988 posset
476 2905 514 2971 de
535 2905 636 2972 filium
658 2905 711 2972 hic
733 2908 766 2970 in
789 2910 978 2992 potestatem

282 3008 418 3076 Tradere
439 3011 625 3095 pontificum
647 3033 683 3077 ac
705 3011 933 3096 phariseorum,

283 3111 405 3195 Oculta,
427 3115 494 3180 sine
516 3116 650 3200 strepitu
673 3137 841 3180 concursus
863 3115 1060 3200 populorum.

521 3431 576 3506 Dc
603 3453 696 3506 cena
722 3431 872 3505 domini.

207 3659 258 3700 mo
285 3641 476 3727 Auymorum
499 3643 603 3727 prims
625 3641 690 3708 dies
714 3641 840 3726 quando
861 3641 925 3705 iam
948 3640 1091 3720 instaret,

283 3747 330 3814 Ut
351 3746 443 3813 Jcsur
466 3770 537 3812 cum
560 3746 721 3833 discipulis
743 3745 861 3830 pascha
882 3745 1096 3826 manducaret,

282 3851 440 3918 Dixerunt
461 3851 626 3937 discipuli:
651 3851 740 3930 »Dic,
763 3851 899 3930 ubivis,
922 3872 1080 3934 paruus,

282 3956 371 4033 Quod
393 3962 497 4024 tecum
520 3979 607 4022 more
628 3957 723 4022 solito
746 3955 865 4039 pascha
887 3955 1141 4021 manducemus«

281 4059 373 4128 Jesus
396 4063 442 4127 ait
464 4063 503 4126 ad
526 4083 596 4126 eos:
622 4059 763 4125 »Intrate
783 4060 962 4124 civitatem!

208 4187 258 4226 un
284 4167 334 4234 lbi
355 4189 410 4234 vos
432 4167 600 4234 invenietis
622 4167 662 4232 ad
684 4166 744 4231 hoo
766 4165 985 4231 necessitatem
998 4166 1025 4228 t«

283 4272 414 4338 Mittens
435 4271 566 4338 Petrum
588 4277 621 4339 et
641 4272 821 4339 Johannem
843 4271 942 4336 dixit:
969 4269 1067 4336 »llum
1090 4269 1217 4334 intratis

285 4377 427 4474 Pariter
449 4377 625 4444 Jerusalem
648 4382 773 4463 portam
795 4375 945 4454 civitatis,

285 4479 400 4548 Statim
422 4483 512 4548 robis
535 4483 678 4549 obviabit
699 4482 795 4547 homo
817 4484 873 4565 qui
896 4479 1064 4638 lngenrrlnp⁸
