3080 4938
815 369 835 434 8

254 543 482 608 monasterium
504 542 778 609 carthusiensium
800 565 898 628 prope
922 543 1140 630 Memmingeu
1155 568 1174 610 a
1188 546 1274 612 buxo
1289 547 1402 610 arbore

251 649 409 714 Buxhaim
434 649 570 727 dicitur,
603 655 636 714 et
658 649 770 714 civitas
793 648 1067 735 Stoclsgardiensis
1091 651 1208 716 dicitnr
1239 673 1259 716 a
1287 656 1400 718 trunco

251 759 284 820 et
305 756 411 835 horto,
434 755 510 840 quia
532 755 608 820 dnm
631 755 781 841 oppidum
804 756 885 840 erigi
908 755 1034 835 debuit,
1067 757 1196 822 arbores
1223 757 1335 824 multae
1356 758 1400 822 ibi

250 865 371 926 stantes
393 858 673 940 detruncabantur,
697 865 729 926 et
751 862 867 946 vulgus
890 883 1004 926 nomen
1028 862 1098 927 loco
1118 863 1273 948 imposuit
1295 865 1401 930 diceus

250 965 474 1054 Stoclrgartcn,
499 967 607 1052 sicque
622 968 775 1052 oppidum
790 989 905 1032 nomen
920 967 1063 1032 retinuit.
1109 967 1176 1034 Alii
1190 968 1302 1034 dicunt
1318 969 1402 1054 quod
1519 1053 1520 1066 χ

250 1075 296 1138 sic
317 1073 499 1138 nominetur
521 1072 562 1137 ab
585 1073 738 1158 equabus,
762 1073 800 1138 de
823 1094 887 1158 quo
908 1095 973 1139 non
990 1074 1113 1154 astris,
1137 1074 1204 1140 sive
1222 1074 1263 1140 ab
1279 1073 1336 1140 illo
1351 1074 1401 1140 vel

250 1179 312 1243 isto
335 1179 468 1243 dicatur.
514 1176 597 1243 Sunt
618 1179 714 1244 etiam
738 1201 834 1263 qnam
863 1180 1002 1264 plurima
1031 1179 1164 1244 uomina
1180 1179 1347 1244 civitatum
1370 1183 1402 1244 et

251 1282 399 1348 villarum
423 1306 558 1368 qnorum
581 1284 670 1349 nulla
693 1285 776 1350 ratio
805 1285 959 1370 suspicari
981 1289 1107 1370 potest,
1138 1289 1171 1350 et
1197 1289 1306 1350 tumen
1333 1286 1402 1350 sine

249 1389 373 1452 ratione
395 1388 525 1454 minime
555 1393 631 1454 sunt
657 1389 817 1472 imposita.
866 1387 913 1454 De
943 1388 994 1454 his
1022 1391 1188 1454 nominum
1221 1391 1400 1456 rationibus

141 1507 145 1514 '
250 1493 315 1558 late
329 1491 467 1559 babetur
481 1494 515 1558 in
532 1493 654 1559 Isidoro
670 1491 868 1579 (Etymolog.
886 1492 940 1556 lib.
968 1493 1008 1559 15
1024 1493 1057 1558 in
1073 1515 1140 1579 cap.
1167 1495 1184 1558 1
1201 1516 1257 1580 per
1271 1497 1401 1578 totum),

249 1599 305 1684 qui
327 1621 366 1663 ex
387 1599 570 1664 nominibus
592 1599 801 1664 communiter
825 1602 959 1664 venatur
974 1599 1113 1685 origines
1134 1599 1310 1666 civitatum.
1349 1598 1402 1665 Sic

250 1707 282 1768 et
304 1703 338 1768 in
360 1705 523 1788 proposito
545 1708 655 1769 nostro
677 1703 858 1770 faciendum
883 1727 1002 1771 censeo.
1089 1731 1097 1748 ·

338 1808 436 1875 Ulma
456 1810 541 1876 enim
564 1813 612 1875 est
635 1831 749 1876 nomen
766 1832 830 1875 uon
844 1809 1045 1878 barbaricum
1061 1812 1115 1878 sed
1130 1811 1279 1894 latinum,
1303 1811 1400 1877 decli·

249 1915 365 1997 nabile,
388 1916 535 1982 omuibus
557 1915 715 1981 familiare
745 1921 778 1981 et
806 1917 845 1982 ad
868 1917 1108 2001 exprimendum
1138 1916 1249 1996 facila,
1283 1916 1400 2001 oppido

250 2020 409 2105 imperiali
430 2021 634 2106 impositum,
669 2043 707 2086 ex
730 2043 844 2100 causa,
866 2021 952 2087 baud
975 2023 1125 2101 dubium,
1156 2021 1401 2106 proportionata

249 2128 381 2208 nomini,
404 2149 478 2193 area
499 2149 636 2211 namque
652 2125 791 2191 civitatis
807 2124 970 2192 Ulmensis
988 2127 1148 2213 uliginosa
1167 2151 1205 2193 ex
1221 2133 1338 2192 natura
1353 2131 1402 2192 cst

249 2237 282 2298 et
303 2232 392 2299 locus
414 2239 501 2300 totus
523 2233 673 2298 humidus
695 2237 728 2298 st
750 2255 906 2318 aquosus,
942 2233 1026 2318 quod
1058 2232 1253 2318 uliginosum
1284 2233 1401 2298 dicitur

249 2339 299 2404 vel
322 2339 481 2404 ulinosum
504 2341 687 2418 nominant,
718 2343 786 2402 tum
810 2360 849 2404 ex
871 2359 1024 2403 concursu
1047 2361 1203 2422 aquarum
1233 2339 1273 2404 de
1295 2339 1399 2404 tribus

248 2444 443 2526 fluminibus,
466 2449 535 2510 tum
558 2446 654 2510 etiam
677 2466 715 2509 ex
737 2443 897 2529 uliginosa
919 2444 968 2510 vel
993 2445 1117 2511 ulinosa
1137 2445 1252 2524 humo,
1276 2443 1315 2508 de
1337 2465 1401 2528 qua

249 2549 354 2614 fontes
377 2571 473 2634 quam
496 2550 626 2634 plurimi
649 2549 827 2614 scaturiunt
856 2553 889 2615 et
912 2551 1028 2636 ubique
1059 2552 1093 2617 in
1125 2574 1163 2617 ea
1194 2573 1286 2636 aquae
1318 2549 1398 2614 rium

250 2655 460 2739 reperiuntur,
483 2655 530 2722 ita
552 2656 636 2740 quod
659 2655 775 2720 humus
798 2678 854 2739 per
869 2677 903 2721 sc
918 2657 986 2722 sine
1001 2658 1131 2723 civitate
1147 2657 1182 2722 in
1197 2679 1255 2722 suo
1270 2655 1399 2721 nomine
1518 2647 1519 2650 ¹

249 2781 287 2824 ex
309 2764 426 2824 natura
439 2760 570 2844 praelert
584 2781 702 2826 nomeu
717 2761 864 2842 civitatis,
888 2761 955 2827 sive
971 2763 1072 2828 dicam
1088 2764 1204 2828 humus
1221 2761 1399 2846 uliginosus

248 2865 298 2930 vel
328 2865 486 2945 ulinosus,
519 2888 654 2951 quorum
688 2871 858 2950 utrumque
890 2867 1059 2934 invenitur.
1115 2867 1201 2932 Nam
1233 2866 1322 2953 uligo
1350 2870 1400 2930 est

248 2971 403 3036 naturalis
425 2971 541 3037 humor
571 2975 664 3037 terrae
697 2995 860 3056 nunqnam
890 2973 929 3038 ab
953 2995 991 3038 ea
1013 2974 1177 3054 recedens,
1213 2973 1344 3038 viridem
1367 2975 1400 3037 et

248 3075 415 3142 fecundam
437 3099 507 3141 earn
540 3077 688 3156 reddens,
723 3081 755 3141 et
782 3077 857 3141 talis
887 3083 936 3142 est
963 3101 1037 3144 area
1064 3079 1203 3142 civitatis
1227 3075 1397 3142 Ulmeusis.

249 3181 299 3246 Ex
321 3180 380 3246 illa
404 3187 510 3247 autem
533 3182 753 3267 uliginositate
776 3186 870 3247 terrm
893 3206 959 3267 pree
980 3183 1093 3248 ceteris
1117 3183 1245 3248 arbores
1261 3203 1398 3248 erescere

250 3287 353 3350 solent
374 3287 407 3351 in
430 3309 549 3373 magna
570 3287 775 3353 multitudine
797 3310 869 3372 qnae
899 3288 998 3354 latine
1021 3292 1175 3353 vocantur
1196 3286 1295 3368 ulmi,
1328 3287 1398 3351 rul-

248 3391 370 3476 gariter
392 3415 466 3458 vero
489 3397 522 3458 et
545 3393 727 3459 theutonice
749 3394 897 3460 dicuntur
919 3395 1005 3460 felba
1028 3395 1078 3461 rel
1093 3396 1160 3460 erla
1180 3396 1230 3460 vel
1253 3394 1396 3475 aulber¹,
1516 3365 1517 3450 i

249 3501 281 3561 et
304 3499 449 3581 quamvis
471 3499 537 3564 sint
559 3500 716 3565 distincta
738 3502 888 3567 arborum
904 3503 1021 3585 species
1036 3501 1122 3567 felba
1138 3500 1259 3566 scilicet
1273 3505 1306 3566 et
1321 3501 1395 3579 erla,

249 3605 355 3668 tamen
388 3603 471 3669 forte
500 3603 619 3668 habent
648 3603 730 3670 idern
764 3629 880 3672 nomen
911 3609 995 3692 quod
1027 3611 1198 3691 utrumqne
1228 3607 1330 3692 reperi
1363 3607 1397 3670 in

248 3705 441 3772 theutonicis
447 3707 555 3772 bibliis
568 3729 661 3794 super
673 3711 729 3776 illo
740 3711 845 3776 Esaiae
861 3710 919 3776 41²
932 3734 939 3775 :
957 3734 1073 3795 ponam
1085 3714 1117 3776 iu
1125 3713 1249 3778 deserto
1262 3711 1397 3777 abietem

248 3811 370 3876 ulmum
387 3817 419 3878 st
434 3812 563 3894 buxum,
587 3818 620 3878 et
634 3815 668 3879 in
684 3815 902 3882 vocabulariis.
927 3839 983 3882 uec
998 3818 1031 3881 in
1047 3817 1104 3882 illo
1119 3819 1168 3883 vis
1184 3819 1263 3884 latet
1279 3817 1395 3902 aliqua,

247 3916 314 3981 sive
335 3939 432 3982 unam
455 3917 565 3998 solnm,
590 3919 655 3984 sive
678 3921 788 3985 ambas
811 3923 861 3987 vel
883 3945 992 3988 omues
1015 3927 1079 3988 tres
1095 3925 1213 4008 species
1229 3923 1396 4007 significet,

248 4043 285 4086 ex
308 4021 406 4088 burno
428 4023 512 4089 enim
528 4047 608 4089 areae
624 4025 776 4091 ulmensis
796 4031 968 4113 utrumque
987 4051 1088 4114 genus
1104 4029 1253 4094 arborum
1273 4027 1397 4113 copiose

814 4173 831 4211 ἸΙ

319 4277 332 4332 l
355 4273 439 4332 Felbe
455 4275 493 4331 ist
512 4275 589 4332 Sallx
607 4277 674 4334 alba
692 4277 736 4346 L.;
757 4279 821 4336 ltrls
840 4281 927 4337 Alnus
945 4283 1090 4352 glutinosa
1108 4283 1207 4339 Gtrtn.
1227 4282 1284 4338 und
1296 4283 1397 4338 incana
1514 4249 1516 4294 l

256 4361 327 4429 Dec,
347 4365 463 4420 letntere
480 4365 523 4420 bei
542 4365 605 4420 Ulm
617 4384 654 4421 an
667 4368 717 4422 der
729 4367 826 4425 Donau
844 4369 902 4425 nnd
915 4371 982 4426 Iller
993 4371 1103 4438 btnfim
1123 4371 1209 4426 Alber
1219 4371 1257 4425 ist
1275 4370 1397 4442 Populus

248 4451 315 4507 albu
336 4451 378 4518 lr.;
398 4449 553 4522 allsrdings
572 4455 650 4509 recht
663 4456 974 4515 verschiedenebtnnro.
1018 4460 1107 4514 2Jes.
1126 4460 1168 4526 41,
1183 4459 1216 4514 19
1234 4458 1303 4516 auk.
1325 4459 1396 4516 Bam.
