2996 4924
769 343 811 412 76

307 541 359 580 uos
384 521 608 606 Recoduntque
630 541 701 586 cum
724 521 842 607 gaudio
865 524 1061 610 matremque
1082 522 1267 590 salutantes.

386 627 446 694 Sed
468 628 519 692 his
542 649 696 711 apparens
719 626 851 712 angelus
874 626 976 704 iussit,
998 649 1039 692 ne
1060 627 1200 692 redirent

384 731 434 798 Ad
458 729 614 800 Herodem
637 731 690 800 sed
713 731 876 820 perviam
898 731 994 800 eliam
1021 732 1204 801 transirent.

460 1052 515 1126 De
543 1052 802 1147 purificatione
830 1053 983 1146 virginis
1012 1055 1140 1130 Meris.

383 1262 520 1347 Tempus
543 1283 614 1326 cum
636 1263 836 1348 purgationis
859 1263 994 1347 virginis
1016 1263 1176 1350 impletur,

384 1369 427 1433 Et
447 1369 618 1434 secundum
640 1368 743 1460 Moysi
766 1369 869 1454 legem
890 1373 1083 1454 portaretur,

305 1493 357 1530 1111
384 1473 466 1538 Puer
487 1474 520 1537 in
543 1472 719 1543 Jerusalem
741 1475 781 1538 ad
803 1476 957 1558 templum
979 1475 1064 1539 hunc
1085 1475 1231 1555 ferentes,

385 1579 446 1643 Pro
468 1601 504 1644 co
527 1579 605 1643 duos
627 1582 767 1644 turtures
790 1579 928 1645 offerunt
950 1584 1104 1664 parentes.
1229 1573 1231 1578 ’

383 1683 519 1762 Quidam
541 1705 635 1748 senex
657 1681 783 1748 Simeon
805 1683 883 1749 iiiuc
904 1689 981 1750 tunc
1003 1685 1143 1762 accessit,

383 1789 440 1854 cui
464 1789 592 1854 domum
614 1789 718 1874 gretie
740 1789 816 1854 deus
838 1789 899 1854 hoc
920 1791 1083 1869 concessit,

385 1893 474 1971 Quod
498 1894 531 1958 in
555 1915 648 1959 carno
671 1895 764 1958 deum
787 1917 879 1959 suum
901 1895 985 1960 foret
1007 1895 1059 1961 hic
1083 1897 1206 1960 visurm

305 2018 357 2056 1111
384 1999 565 2085 Antequam
588 2023 644 2084 per
665 2003 800 2065 mortem
821 2000 904 2064 foret
927 2023 945 2064 a
967 2001 1035 2064 vita
1057 2000 1257 2066 discessurus.

382 2105 500 2170 Hicin
523 2105 615 2170 ulnas
638 2127 715 2191 ergo
737 2127 810 2170 suas
833 2127 966 2190 puerum
989 2105 1118 2190 occepit,

381 2210 587 2275 Decantando
610 2210 648 2274 de
669 2210 777 2275 leudes
800 2194 958 2274 canticum
980 2210 1118 2294 incepit:

384 2315 497 2380 »Nunc
519 2337 569 2380 me
592 2315 726 2380 dimittis
749 2317 969 2380 dominecum
992 2336 1078 2400 pecc,
1102 2315 1178 2400 quia
1200 2315 1262 2378 mei

381 2419 449 2484 Iam
471 2421 618 2485 viderunt
639 2421 722 2486 oculi
745 2421 884 2485 salutare
907 2421 966 2500 dei,

303 2543 354 2581 nso
382 2524 471 2600 Quod
494 2527 614 2608 parasti
636 2525 785 2611 gentibus
807 2525 846 2588 ad
868 2524 1123 2604 illuminandum,

379 2629 423 2693 Fit
444 2631 483 2695 ad
506 2633 597 2694 tuum
619 2631 771 2714 populum
794 2629 893 2695 Israel
914 2630 1110 2696 salvandum.

380 2735 442 2799 Hic
464 2759 541 2820 puer
563 2737 624 2800 erit
646 2736 767 2820 positus
790 2717 955 2800 multis'in
978 2736 1113 2813 ruinam,

382 2843 463 2918 Quia
485 2841 574 2906 dabit
595 2841 699 2906 seculo
722 2841 834 2906 salutis
857 2841 909 2904 hic
931 2841 1137 2905 doctrinm«

381 2945 431 3010 nd
454 2951 586 3011 matrem
610 2950 716 3010 eutem
738 2946 799 3011 ait:
826 2935 939 3012 {Hunc
962 2969 1060 3032 quum
1084 2947 1256 3031 patientem

304 3069 355 3106 nas
383 3049 524 3131 Videbis,
547 3053 614 3116 eius
637 3051 762 3137 gladius
785 3056 873 3116 tuam
896 3052 1017 3117 scindet
1039 3059 1207 3118 mentem«

251 3351 355 3434 Quod
396 3353 552 3445 angelus
591 3353 756 3446 precepit
795 3352 935 3446 Joseph
976 3351 1075 3446 quod
1116 3353 1264 3444 fugeret
1304 3353 1343 3424 in

693 3475 895 3570 Egyptum.

379 3685 523 3770 Angelus
546 3687 694 3770 apperuit
716 3684 835 3769 Joseph
859 3685 964 3750 dicens
987 3685 1034 3750 ei:

381 3789 479 3854 »Cum
504 3795 606 3856 matre
628 3792 705 3856 tolle
727 3813 860 3876 puerum
883 3789 1002 3876 Joseph
1025 3813 1114 3855 serve
1134 3791 1203 3868 dei3

378 3893 416 3958 Iu
440 3893 604 3980 Egyptum
625 3895 732 3982 fugias
755 3901 787 3961 et
810 3895 950 3961 manebis
972 3895 1028 3974 ibi,

377 4000 485 4066 Donec
509 4002 548 4066 ed
570 4005 603 4065 te
624 4002 752 4066 veniens
774 4002 850 4066 illuc
872 4001 974 4065 dicam
996 4001 1066 4065 tibi.

300 4123 351 4159 1111
378 4105 536 4181 Quoniam
558 4105 702 4170 futurum
725 4110 832 4170 estut
855 4110 968 4190 queret
991 4105 1029 4170 ad
1053 4105 1246 4188 perdendum

377 4209 445 4275 Rex
469 4211 609 4276 Herodes
631 4233 764 4294 puerum
786 4215 819 4277 et
841 4212 880 4276 ad
903 4211 1115 4276 occidendum.

785 4333 803 4372 s

293 4433 347 4490 Der
364 4433 506 4494 abschnitt
525 4437 593 4494 2126
611 4435 657 4494 bis
676 4437 745 4495 2135
764 4437 838 4496 fehlt
855 4436 886 4494 in
904 4437 933 4494 Ζ.
