3080 4938
712 363 752 432 15

154 563 292 626 quorum
326 544 497 626 utrumque
528 540 626 608 habet
659 541 848 622 instantias,
881 563 960 626 quae
992 545 1185 628 pertranseo.
1242 538 1309 607 Alii
1422 529 1431 538 ⁵

153 651 265 712 tenent
286 647 372 732 quod
397 645 492 714 Ulma
514 646 627 714 civitas
649 671 669 713 a
692 645 846 713 Romanis
870 647 1011 732 antiquis
1033 646 1143 712 latinis
1169 645 1213 712 sit
1233 668 1309 710 con·

154 751 222 818 dita
247 755 281 817 et
303 773 376 818 cum
398 752 558 818 industria
578 753 624 818 sic
646 754 812 820 nominata
826 758 959 840 propter
977 753 1309 839 etymologisationem

155 855 312 924 literalem
335 861 368 922 ct
400 857 598 938 sillabalem‚
627 859 659 923 in
693 859 809 945 quibus
840 857 980 944 perfecte
1008 859 1189 925 continetur
1218 858 1310 924 bonae

157 961 298 1028 civitatis
317 961 449 1028 celebris
464 964 588 1049 politia,
604 964 703 1032 habet
714 965 800 1032 enim
813 964 910 1032 Ulme
921 970 1061 1051 quatuor
1072 965 1191 1044 literas,
1207 963 1311 1049 prima

156 1071 205 1132 est
230 1089 251 1132 u
274 1067 459 1154 significans
480 1071 639 1136 unitatem
663 1075 696 1137 ct
710 1072 920 1152 concordiam,
943 1071 1080 1138 secunda
1098 1074 1147 1136 cst
1169 1069 1181 1134 l
1201 1069 1310 1154 le'gmn

156 1171 393 1242 observationes
417 1179 663 1260 repraesentans,
695 1176 791 1242 tertia
813 1181 861 1243 cst
883 1200 916 1242 m
945 1175 1075 1242 modum
1105 1174 1137 1240 in
1163 1175 1310 1240 omnibus

155 1277 307 1357 indicens,
331 1277 428 1344 etiam
451 1279 484 1344 in
509 1281 617 1366 legum
639 1281 856 1367 quarumlibet
878 1282 1101 1360 observantia,
1125 1285 1240 1366 quarta
1262 1283 1310 1345 est

157 1402 178 1444 a
200 1381 240 1446 ad
263 1383 465 1469 principium,
488 1385 609 1452 scilicet
625 1385 729 1468 deum,
753 1387 905 1475 dirigens,
928 1388 1016 1454 etad
1037 1385 1311 1454 divinasectanda

156 1486 319 1569 inducens,
342 1490 410 1556 sine
433 1511 497 1576 quo
520 1490 584 1558 alia
605 1496 692 1558 stare
714 1515 779 1558 non
799 1497 949 1578 possunt,
973 1495 1009 1558 ut
1031 1495 1129 1576 patet.
1177 1489 1310 1558 Demum

157 1591 236 1658 duas
258 1591 391 1660 sillabus
415 1596 448 1660 ul
470 1599 503 1662 ct
525 1618 577 1662 me
599 1598 741 1664 continet
765 1598 826 1664 hoc
840 1619 965 1678 nomen,
988 1619 1046 1682 pro
1062 1619 1099 1662 eo
1114 1596 1199 1682 quod
1215 1595 1311 1662 Ulma

157 1697 333 1764 constituta
356 1701 467 1766 estad
490 1701 704 1768 ulciscendum
727 1704 850 1769 malurn
872 1707 904 1769 et
927 1702 1017 1788 quasi
1033 1702 1134 1768 ultrix
1153 1701 1310 1768 malorum

158 1824 216 1887 per
238 1803 387 1890 antiquos
409 1805 565 1874 ordinata.
611 1806 690 1888 Vel,
714 1813 750 1874 ut
772 1809 829 1874 alii
852 1812 984 1894 putant,
1008 1811 1081 1892 post
1104 1807 1170 1892 ejus
1192 1807 1311 1872 conati·

157 1907 314 1976 tutionem
343 1910 384 1976 ab
416 1910 528 1978 effectu
559 1917 607 1980 est
629 1911 726 1980 Ulma
748 1917 940 1998 nuncupate.
986 1910 1075 1978 Sicut
1099 1911 1184 1978 enim
1205 1911 1311 1978 ulmus

157 2013 193 2078 iu
216 2013 333 2098 palude
355 2015 438 2082 fixere
460 2039 524 2082 non
547 2019 702 2103 putrescit
724 2025 757 2085 et
779 2043 796 2086 e
818 2024 931 2085 contra
952 2019 987 2084 in
1010 2019 1147 2104 lapidem
1163 2017 1309 2096 durescit,

163 2117 210 2184 sic
232 2118 374 2186 videntes
397 2122 522 2206 antiqui
545 2123 697 2208 oppidum
720 2123 780 2190 hoc
802 2123 954 2209 prolicere
980 2127 1014 2190 et
1036 2123 1221 2190 habundare
1246 2145 1310 2188 non

160 2221 309 2290 obstante
337 2225 501 2311 rigiditate
532 2231 642 2306 terra,
665 2226 796 2294 Ulmam
827 2229 1073 2294 nominaverunt
1101 2233 1232 2313 propter
1261 2228 1312 2294 aui

158 2331 421 2415 permanentiam.
468 2330 530 2398 Vel
552 2332 622 2398 ideo
645 2331 775 2399 Ulmum
797 2355 868 2399 eam
884 2337 1086 2413 vocaverunt,
1110 2333 1187 2418 quie
1203 2353 1310 2400 muros

158 2457 254 2520 super
277 2435 436 2502 ulmorum
458 2437 549 2523 palos
572 2437 804 2519 fundaverunt,
836 2459 900 2504 nou
923 2438 1078 2506 existente
1101 2438 1309 2504 fundamento

160 2541 263 2608 solido
286 2541 320 2607 in
343 2542 503 2628 uliginoso
525 2543 604 2624 eolo,
628 2544 709 2610 unde
732 2549 806 2610 aute
828 2544 1068 2610 renovationem
1090 2566 1255 2610 murorum
1276 2543 1311 2610 in

158 2651 251 2732 parte
274 2647 422 2714 orientali
446 2647 636 2716 videbantur
659 2650 724 2736 pali
747 2650 780 2716 in
804 2673 898 2736 aqua,
921 2673 1017 2736 super
1032 2673 1111 2737 quoa
1126 2649 1225 2716 moles
1242 2654 1312 2716 tur-

158 2751 242 2816 rium
267 2757 300 2817 et
322 2775 402 2820 onus
424 2775 588 2820 murorum
611 2759 703 2820 erant
725 2755 840 2840 posita.

251 2855 348 2924 Aliud
371 2859 500 2924 initium
522 2859 663 2925 civitatis
684 2858 837 2926 ulmensis
867 2859 1016 2946 vulgares
1038 2860 1199 2940 referunt,
1228 2862 1313 2946 quod

158 2961 237 3026 dum
260 2962 420 3047 quondam
442 2963 476 3030 in
498 2961 568 3030 loco
590 2964 730 3030 civitatis
752 2968 829 3030 tnnc
849 2964 966 3030 silvoso
986 2965 1116 3050 quidam
1131 2970 1311 3046 venaretur,

160 3067 248 3152 cepit
269 3067 432 3154 ingentem
455 3091 583 3136 cervum
605 3069 640 3136 in
663 3070 751 3150 loco,
780 3070 836 3138 ubi
865 3092 950 3136 nunc
972 3075 1021 3136 est
1043 3069 1174 3138 ecclesia
1196 3075 1312 3138 sanctu

161 3172 276 3251 crucis,
298 3172 332 3238 iu
355 3175 443 3259 cujus
466 3173 573 3240 fronte
595 3177 724 3241 auream
743 3176 863 3260 reperit
876 3195 1011 3255 crucem,
1036 3175 1119 3240 uude
1135 3175 1180 3240 ibi
1196 3181 1313 3242 sanctae

160 3278 265 3346 crucis
286 3277 461 3364 capellam¹
477 3279 578 3346 erexit
589 3283 622 3346 et
634 3281 779 3365 quadam
789 3279 973 3348 habitacula
987 3281 1077 3346 iuxta
1087 3279 1314 3348 camlundavit

63 3455 74 3486 ο
160 3387 195 3450 et
208 3383 258 3448 ite
272 3405 415 3450 successu
432 3386 584 3470 temporis
599 3385 633 3452 in
648 3387 800 3471 oppidum
815 3387 958 3472 profecit.
982 3385 1129 3453 Creditur
1144 3391 1251 3452 autem
1267 3387 1312 3452 ibi

161 3488 260 3554 luisse
271 3487 401 3554 eeclesia
413 3489 615 3575 parochialis,
631 3491 707 3576 quia
718 3492 898 3578 ubicunque
908 3492 1049 3558 fodiatur
1063 3491 1312 3577 pertinendum,

163 3595 366 3679 reperiuntur
387 3595 421 3660 in
443 3596 535 3680 copia
556 3601 706 3684 congesta
727 3619 799 3664 ossa
820 3601 1017 3662 mortuorum
1042 3597 1216 3666 hominurn.

250 3697 466 3786 Quodcunque
488 3705 594 3767 autem
617 3701 746 3768 initium
761 3703 932 3788 sumpserit
954 3701 1015 3768 hoc
1039 3701 1190 3788 oppidum
1206 3701 1311 3784 Ulma,

161 3809 275 3872 notum
298 3809 347 3872 est
361 3805 573 3872 consideranti
588 3807 726 3894 singula,
749 3809 834 3892 quod
850 3812 898 3874 est
917 3807 1176 3888 vetustissimum,
1200 3831 1313 3894 quam-

162 3912 210 3977 vis
233 3933 273 3976 ex
296 3909 430 3978 iufamia
452 3911 638 3999 ignatorum
661 3913 850 3998 praedicetur
872 3935 940 3980 esse
962 3935 1091 3994 novum,
1115 3913 1182 3980 eius
1205 3917 1313 3982 vetus·

162 4017 240 4082 tatis
262 4015 357 4100 plura
378 4017 472 4104 signa
494 4019 634 4104 accipere
656 4041 834 4104 possumus.

729 4223 747 4263 *

237 4359 250 4414 l
270 4355 317 4412 Sis
325 4353 410 4412 stand
420 4355 473 4412 aul
479 4355 542 4414 dem
553 4357 691 4424 Weinhol,
701 4375 738 4414 an
750 4358 800 4414 der
812 4357 894 4414 stelle
903 4357 951 4414 de·
964 4357 1179 4414 echwtrhansea
1217 4357 1313 4428 Vergl.

169 4445 409 4516 t'crhaudluugen
427 4443 475 4501 des
493 4443 601 4502 veseina
619 4445 664 4500 ltr
681 4444 768 4502 kunst
781 4463 807 4500 u.
826 4447 921 4502 altert.
939 4445 970 4502 iu
981 4444 1054 4513 Ulm,
1073 4443 1107 4501 N.
1126 4445 1159 4500 R,
1178 4443 1213 4512 ll,
1231 4462 1253 4502 ι.
1270 4445 1313 4504 35.
