3072 4936
800 375 862 440 132

255 551 390 636 publicae
412 555 445 614 et
467 550 562 614 datiis
584 550 650 615 sive
682 551 800 628 stdris,
824 551 975 627 teloneis,
1005 550 1170 628 censibus,
1204 554 1349 638 angariis
1379 560 1411 617 et

254 657 472 740 punitionibus
495 657 742 740 provenientem,
766 656 852 720 etde
874 679 911 720 ea
926 657 1082 720 rationem
1099 656 1235 722 reddunt
1252 660 1408 743 magistro

254 767 415 826 stflrarum
438 761 504 827 sive
526 761 703 839 datiarum,
735 763 774 826 ad
798 761 887 824 cuius
910 783 1041 826 manum
1066 762 1167 826 multa
1189 762 1332 827 civitatis
1357 787 1409 848 pe-

254 867 348 931 cunia
369 867 510 945 offertur,
534 867 587 950 qui
604 887 701 949 supra
722 866 815 930 dictis
838 866 993 930 rationem
1011 867 1130 942 reddit;
1154 867 1262 950 sicque
1277 869 1409 952 grandis

254 993 330 1036 cura
352 976 385 1036 et
406 971 497 1035 labor
526 971 591 1034 illis
624 970 760 1034 dominis
784 972 941 1035 incumbit
963 975 1027 1034 tam
1052 971 1084 1035 iu
1110 971 1289 1055 recipiendo
1314 995 1409 1056 quam

254 1078 286 1140 in
312 1077 496 1160 exprmendo
510 1080 543 1139 et
557 1075 686 1160 singula
701 1076 937 1140 conscribendo.
986 1075 1027 1139 lli
1044 1075 1236 1140 thesaurarii
1253 1071 1312 1141 suo
1327 1083 1409 1142 tem·
1468 1073 1472 1080 ’

255 1204 331 1266 pore
354 1181 473 1266 pedes¹
506 1180 628 1245 vadunt
656 1203 712 1264 per
736 1185 836 1245 totam
859 1181 1039 1260 civitatem,
1063 1181 1298 1247 conscribentes
1323 1185 1409 1248 vicos

255 1309 327 1352 cum
349 1287 495 1351 domibus
518 1285 666 1349 omnibus
685 1290 716 1348 et
731 1307 802 1349 cum
819 1285 950 1350 familiis
966 1309 1022 1369 per
1038 1287 1148 1351 domos
1163 1291 1196 1351 ct
1212 1287 1409 1352 familiarum

256 1415 404 1476 personas
427 1391 590 1475 singulas,
625 1394 661 1454 ut
684 1391 804 1468 sciant,
836 1413 932 1474 quam
955 1391 1222 1456 contributionem
1248 1395 1408 1476 recepturi

255 1499 329 1574 sint,
354 1502 386 1560 et
408 1519 447 1560 ne
470 1497 570 1579 possit
592 1494 704 1558 fraude
728 1495 906 1578 respublica
929 1497 997 1579 pati
1020 1497 1170 1560 damnum
1184 1497 1205 1560 ².

343 1602 409 1665 Alii
431 1601 470 1664 de
494 1599 682 1684 praetoribus
705 1601 869 1684 eliguntur
891 1601 1040 1685 praesides
1063 1603 1286 1666 thesaurorum
1310 1604 1410 1667 eccle-

256 1707 309 1771 siae
333 1705 523 1789 parochialis
544 1705 647 1768 beatae
670 1701 840 1789 Virginis³
873 1707 906 1767 et
928 1705 1102 1788 disponunt
1117 1708 1156 1771 de
1170 1707 1320 1772 aedificiis.
1346 1731 1408 1772 nou

256 1813 340 1876 eninr
363 1833 462 1894 parva
484 1809 532 1872 illi
555 1807 693 1874 ecclesia
716 1809 830 1873 accidit
852 1810 1033 1874 substantia
1055 1833 1113 1895 per
1140 1812 1228 1876 vivos
1252 1818 1285 1877 et
1310 1816 1409 1878 mori-

256 1920 344 1980 entes
367 1920 399 1980 et
421 1937 477 1998 per
500 1915 629 1978 reditus.

343 2019 432 2083 Alios
456 2025 571 2102 praeter
592 2019 665 2083 illos
689 2019 781 2104 eligit
803 2024 949 2097 senatus,
979 2021 1033 2102 qui
1057 2019 1208 2104 hospitali
1231 2046 1407 2107 pauperum
1511 2039 1512 2078 l

256 2125 429 2210 praesint⁴,
452 2130 484 2188 et
506 2125 661 2188 rationem
687 2125 844 2209 accipiant
867 2147 886 2188 a
908 2125 1064 2209 magistro
1086 2127 1191 2205 curiae,
1215 2132 1247 2191 et
1270 2127 1407 2211 plebano

257 2230 467 2314 hospitalario
490 2229 734 2312 competentiam
759 2229 906 2306 reddant,
932 2233 964 2292 et
987 2229 1025 2292 de
1048 2230 1182 2294 honesta
1203 2253 1240 2295 ac
1263 2233 1408 2315 possibili

256 2356 432 2417 pauperum
456 2337 489 2397 et
512 2333 704 2396 advenarum
728 2333 907 2416 provisione
930 2333 1109 2417 disponant.
1158 2334 1217 2398 Est
1239 2337 1325 2400 enim
1351 2337 1408 2402 ho·

256 2440 370 2522 spitale
393 2440 425 2502 in
450 2436 547 2502 Ulma
577 2437 742 2508 abundans
773 2438 805 2500 in
829 2439 1104 2521 possessionibus,
1137 2441 1239 2519 villis,
1272 2445 1408 2525 praediis,

256 2542 417 2622 censibus,
449 2544 620 2622 reditibus,
645 2543 773 2607 decimis
796 2547 829 2606 et
852 2544 1045 2627 quotidianis
1068 2545 1294 2630 eleemosynis,
1326 2549 1408 2613 unde
1511 2541 1513 2588 l

256 2649 466 2712 communiter
481 2648 607 2727 dicitur,
623 2649 707 2732 quod
723 2649 919 2731 marsupium
938 2670 1035 2712 unum
1050 2651 1101 2728 sit,
1117 2648 1151 2712 in
1168 2651 1252 2733 quod
1271 2659 1407 2734 ponatur

257 2753 389 2836 pecunia
411 2753 550 2818 civitatis
580 2773 618 2816 ex
648 2752 762 2828 datiis,
794 2752 926 2816 teloneis
950 2757 1008 2816 etc.
1034 2758 1181 2836 accepta,
1210 2761 1243 2818 et
1274 2757 1406 2839 pecunia

257 2857 394 2921 ecclesiae
418 2858 518 2921 beatae
542 2855 686 2942 Virginis
709 2862 742 2921 et
764 2857 941 2941 hospitalis.

343 2961 480 3047 Eligunt
503 2961 598 3028 etiam
622 2961 745 3046 aliquos
768 2963 938 3047 magistros
961 2963 1182 3042 miseroruml,
1205 2963 1261 3046 qui
1287 2967 1403 3029 nonin

256 3065 418 3151 hospitali,
434 3066 486 3130 sed
503 3067 536 3129 in
553 3067 698 3130 domibus
713 3071 798 3146 sunt,
815 3071 847 3132 et
863 3068 898 3132 hi
914 3068 1130 3152 experiuntur,
1148 3070 1263 3152 quibus
1281 3092 1405 3135 necesse

256 3175 299 3236 sit
321 3171 499 3236 mendicare
531 3171 694 3235 hostiatim
726 3173 774 3236 vel
803 3177 877 3237 aute
908 3173 1109 3237 ecclesiarum
1138 3172 1240 3252 fores,
1274 3197 1314 3238 ne
1347 3176 1403 3238 sub

256 3281 410 3361 praetextu
436 3275 630 3360 paupertalis
653 3276 754 3340 otium
779 3278 985 3342 mendicando
1007 3282 1175 3342 sectentur.

344 3383 433 3448 Alios
457 3383 581 3466 eligunt
597 3381 680 3445 viros
696 3386 841 3446 strenuos
857 3407 895 3447 ex
911 3383 1103 3460 consulibus,
1126 3404 1206 3466 quos
1229 3383 1407 3464 praeficiunt

257 3487 413 3567 dominiis,
441 3487 578 3551 baroniis
602 3491 634 3551 et
648 3487 852 3552 comitatibus
866 3491 888 3566 ⁶,
913 3489 967 3572 qui
991 3489 1139 3552 dicuntur
1157 3487 1405 3574 Landplleger',

257 3593 371 3676 quibus
394 3615 458 3657 non
481 3593 604 3656 modica
626 3593 793 3657 commissa
816 3597 864 3658 est
886 3616 971 3658 cura.

823 3727 841 3766 *

328 3826 468 3896 lpedites
489 3825 571 3883 Woll.
642 3825 832 3897 hdampnum
851 3827 924 3884 Mon.
942 3828 967 3881 2.
1048 3825 1215 3896 3puesides
1234 3827 1406 3883 thesaurarii

257 3916 378 3970 Schmid.
398 3915 483 3970 Wibl.
521 3913 888 3984 Psarrlrirchenbawpfleger
908 3915 976 3970 Golr.
996 3915 1069 3969 Besa.
1087 3931 1134 3969 am
1159 3913 1256 3968 rande.
1301 3915 1410 3970 Aediles

257 4004 342 4060 Woll.
361 4003 471 4059 ebenso.
526 4005 542 4056 4
561 4001 758 4072 Spitalpfleger
776 4002 847 4056 Golr.
868 4003 941 4058 ltese.
961 4019 1007 4058 am
1029 4001 1123 4056 raude.
1161 4001 1317 4071 Hospitalis
1329 4019 1409 4057 cura-

258 4096 332 4149 tores
351 4091 434 4146 Woll.
454 4091 561 4147 eberiso.
651 4089 870 4158 5Bllrgerliehe
891 4089 1105 4145 Allmosslmsten
1132 4089 1199 4143 oder
1217 4089 1409 4145 haussarmen·

257 4179 362 4250 pfleger
380 4177 449 4233 Gok.
470 4179 541 4232 Besa.
562 4194 607 4232 am
627 4179 723 4233 rande.
803 4182 819 4233 6
845 4177 1029 4233 Herrschaflt-
1049 4177 1116 4233 oder
1134 4177 1321 4246 Landpfleger
1340 4179 1408 4234 Goh.

257 4285 303 4321 am
322 4266 418 4322 rande.
457 4265 631 4321 Herrscbalt-
650 4267 716 4322 oder
735 4265 938 4336 Landllplleger
956 4265 1030 4320 Bess.
1056 4265 1164 4320 ebeuso.
1245 4268 1260 4318 7
1287 4265 1408 4320 Ιιαιιάιι-

257 4353 363 4424 pfleger
382 4354 456 4410 Mon.
475 4355 500 4407 2.
556 4353 755 4424 Landspfleger
777 4355 847 4409 Bess.
906 4353 1102 4424 tandtplleger
1126 4351 1246 4408 Schmid.
1304 4353 1408 4408 Landt·

256 4441 377 4510 plleeger
397 4441 481 4498 Wibl.
