3072 4936
703 354 765 420 155

150 549 228 593 sane
251 529 357 592 tamen
380 527 504 612 opinari
526 551 694 614 possumus
717 531 750 595 in
773 531 843 596 loco
866 537 957 617 gesta
980 555 1019 597 ex
1039 533 1172 617 praefeta
1195 533 1256 599 loci
1272 540 1305 600 et

149 632 270 698 montis
293 632 459 716 qualitate,
482 637 513 698 et
536 656 575 699 ex
598 639 740 701 veterum
764 637 804 701 ad
828 635 1009 702 huiusmodi
1035 637 1105 703 loca
1129 639 1305 722 affectione,

150 741 249 824 prout
271 738 419 805 docemur
441 740 635 806 carminibus
659 739 830 828 theologia
852 741 992 826 poeticae.
1038 741 1088 807 Ea
1110 744 1210 824 enim,
1234 769 1304 830 quae

151 849 275 910 veteres
298 850 433 932 egerunt
453 847 489 911 in
511 869 575 912 uno
598 847 667 914 loco
684 850 796 933 postea
810 868 869 930 pro
883 846 954 912 Diis
970 847 1084 928 habiti,
1108 848 1142 912 in
1158 850 1306 917 omnibus

152 949 239 1016 orbis
255 949 333 1014 locis
355 949 532 1035 aequalibus
564 949 788 1036 aliquomodo
820 949 890 1014 loco
921 949 1033 1034 primae
1060 951 1194 1016 actionis
1225 954 1306 1019 cele-

150 1047 290 1122 brabant
312 1059 344 1121 et
366 1058 510 1120 veterum
532 1055 672 1121 actiones
687 1054 933 1139 praesentabant,
955 1055 1122 1140 locumque
1146 1061 1306 1123 sacratum

150 1161 331 1240 habebant,
354 1181 391 1226 ao
413 1159 440 1225 si
463 1159 517 1225 Dii
539 1157 586 1225 ibi
608 1160 818 1244 personaliter
840 1160 987 1226 finissent.
1032 1163 1114 1226 siout
1144 1167 1234 1247 patet
1266 1163 1304 1228 de

150 1265 286 1346 Venere,
309 1287 379 1350 qnae
402 1265 435 1329 in
459 1263 564 1349 Gypro
585 1264 713 1330 libidini
738 1287 852 1330 vacans
867 1263 1013 1350 Paphum
1030 1270 1172 1331 montem
1194 1289 1303 1332 caver-

150 1393 264 1436 nosum
288 1370 350 1436 sibi
373 1370 536 1450 sacrabat,
568 1374 600 1435 et
622 1369 782 1454 quoslibet
809 1371 956 1436 adeum
977 1375 1119 1436 montem
1142 1373 1302 1439 venientes

150 1474 193 1541 ab
216 1477 303 1541 omni
326 1475 512 1541 absolvebat
534 1473 697 1560 pudicitia,
721 1475 884 1542 licentiam
905 1475 984 1542 dans
1008 1477 1048 1541 ad
1070 1480 1186 1542 nutum
1207 1477 1302 1544 lasci-

150 1581 266 1647 viendi.
305 1585 378 1666 post
400 1581 489 1646 cuius
511 1585 647 1646 mortem
667 1581 859 1647 non'solum
881 1604 972 1648 mons
995 1581 1050 1647 ille
1073 1581 1224 1668 Cyprius,
1248 1585 1303 1649 sed

149 1687 184 1752 in
209 1685 318 1752 multis
341 1685 524 1771 regionibus
541 1690 663 1752 montes
678 1687 795 1752 sacrati
810 1685 928 1753 Veneri
951 1685 1162 1754 habebantur.
1182 1692 1214 1754 et
1235 1689 1387 1770 ramme·

151 1791 245 1858 stulti
267 1795 359 1857 erant
380 1791 543 1870 homines,
576 1794 614 1856 ut
635 1791 718 1856 sicut
740 1790 849 1877 Cyprii
872 1793 1019 1858 dicebant
1042 1793 1125 1878 apud
1148 1817 1181 1859 se
1204 1794 1302 1860 fuisse

152 1903 187 1964 et
209 1896 313 1962 adhuc
334 1896 369 1961 in
391 1900 500 1962 monte
519 1895 684 1977 habitare,
716 1897 762 1962 sio
783 1897 883 1984 Apuli
906 1899 1140 1973 contendebant
1162 1899 1246 1984 apud
1269 1922 1303 1966 se

152 2027 223 2071 eam
245 2003 369 2089 degisse
399 2005 431 2068 et
461 2001 525 2066 iam
555 2000 590 2066 in
613 2023 671 2066 suo
692 2005 801 2067 monte
824 2002 950 2088 Apuliae
983 2025 1055 2068 cum
1078 2003 1147 2067 Diis
1183 2003 1302 2069 deliciis

151 2109 227 2176 frui.
275 2108 359 2194 quod
381 2107 547 2173 Hibernici
569 2112 723 2194 negantes
745 2107 847 2194 signis
870 2113 902 2174 et
916 2109 1073 2192 portentis
1093 2108 1303 2174 ostendebant

150 2213 309 2281 Venerem
325 2237 482 2300 nusquam
497 2215 559 2280 nisi
575 2215 659 2301 apud
672 2235 724 2280 eos
739 2213 847 2294 fuisse,
864 2228 996 2298 eamque
1007 2213 1127 2280 deliciis
1138 2218 1303 2280 vamntem

150 2323 186 2387 in
209 2325 317 2386 monte
339 2320 522 2408 frequenter
544 2322 654 2387 audire
684 2325 716 2386 et
746 2317 940 2384 sensibiliter
960 2320 1122 2404 percipere
1144 2319 1302 2400 dicebant,

150 2431 184 2492 et
206 2426 313 2511 plures
336 2427 420 2512 apud
444 2448 478 2491 se
501 2449 583 2507 esse,
615 2427 671 2511 qui
693 2425 761 2491 eius
783 2424 903 2490 deliciis
933 2425 1116 2491 interfuisse
1147 2447 1181 2491 se
1213 2425 1303 2490 affir-

149 2529 292 2597 mabant.
338 2532 383 2596 sic
405 2535 437 2597 et
459 2531 515 2597 alii
537 2531 696 2616 putabant
710 2528 867 2596 Venerem
889 2530 973 2614 apud
988 2553 1022 2595 se
1044 2530 1078 2595 in
1099 2537 1209 2596 monte
1224 2552 1300 2596 esee.

151 2633 246 2703 Unde
268 2635 382 2701 accidit
415 2635 508 2716 utin
538 2635 648 2702 multis
677 2634 863 2722 regionibus
892 2655 984 2700 mons
1008 2633 1140 2701 Veneris
1173 2634 1234 2717 sit,
1266 2639 1303 2700 ut

150 2765 249 2828 supra
270 2742 385 2826 patuit.
430 2741 474 2806 Et
496 2744 603 2807 tamen
626 2763 691 2806 non
714 2743 820 2826 potuit
834 2764 901 2808 esse
916 2741 978 2806 uisi
994 2764 1058 2806 una
1073 2739 1183 2807 Venus
1206 2764 1303 2827 qnam

149 2850 185 2914 in
209 2847 355 2913 omnibus
370 2847 549 2913 cavernosis
565 2845 712 2913 colebant
727 2847 900 2913 montibus.
946 2845 1034 2912 Idem
1050 2851 1141 2930 patet
1158 2847 1196 2912 de
1211 2845 1302 2928 Jove,

150 2953 208 3039 qui
230 2951 264 3016 in
288 2949 423 3038 Olympo
445 2957 552 3018 monte
574 2951 724 3016 habitans
748 2952 927 3032 colebatur,
952 2951 1002 3018 cui
1024 2957 1136 3036 postea
1157 2973 1247 3037 paene
1269 2953 1303 3016 in

151 3055 301 3124 omnibus
324 3057 507 3144 regionibus
539 3061 665 3122 montes
697 3056 893 3122 dicabantur.
939 3055 1022 3122 unde
1055 3055 1149 3121 hodie
1178 3061 1303 3121 montes

151 3163 248 3230 multi
269 3161 360 3230 Jovis
382 3163 503 3229 habent
525 3185 649 3228 nomen.
695 3160 857 3247 Praecipue
879 3165 986 3227 tamen
1002 3165 1126 3226 montes
1146 3163 1303 3227 nemorosi

150 3267 348 3335 venerabiles
370 3272 462 3334 eraut
485 3267 635 3353 antiquis.
681 3266 756 3334 Ideo
788 3290 870 3352 saepe
891 3267 1028 3353 legimus
1050 3266 1135 3352 quod
1157 3267 1191 3330 in
1213 3267 1302 3347 locis,

118 3383 123 3396 ‘
149 3372 209 3440 ubi
232 3393 362 3438 nemora
377 3395 441 3438 non
456 3376 557 3451 erant,
580 3369 668 3437 lucos
680 3373 882 3458 plantabant,
907 3376 945 3437 ut
959 3371 1043 3438 inter
1061 3371 1189 3436 frondes
1204 3371 1303 3436 sacri·

149 3479 293 3544 ficarent.
338 3475 383 3542 Et
405 3475 465 3545 sub
495 3477 582 3542 omni
613 3475 702 3563 ligno
724 3477 874 3542 frondoso
898 3475 1014 3542 divinis
1038 3497 1104 3542 esse
1128 3475 1303 3541 vacandum

152 3583 320 3664 docebant,
344 3605 438 3668 quem
460 3583 558 3648 ritum
581 3579 702 3648 Judaeis
725 3603 808 3666 eoepe
831 3582 928 3648 fuisse
944 3581 1149 3666 reprobatum
1172 3585 1207 3646 et·
1227 3603 1301 3664 pro·

149 3689 291 3756 bibitum
322 3687 467 3776 legimus.
513 3685 558 3752 Et
586 3687 661 3771 quia
692 3710 825 3772 quereus
854 3693 931 3754 sunt
961 3687 1119 3753 frondosae
1145 3684 1302 3752 densitate

149 3817 332 3874 ramorum,
363 3793 531 3859 latitudine
559 3792 711 3859 foliorum
742 3798 774 3859 et
796 3793 999 3858 multitudine
1021 3791 1205 3876 glandium,
1230 3788 1304 3855 altae

150 3905 184 3968 et
207 3899 439 3979 vetustissimae,
459 3897 530 3963 ideo
552 3897 586 3962 in
600 3899 783 3964 nemoribus
798 3921 972 3984 quercuum
995 3897 1136 3963 maxima
1155 3899 1248 3961 erent
1263 3895 1303 3960 ab

150 4005 293 4092 antiquus
314 4005 464 4070 instituta
486 4002 651 4084 sacrificia,
674 4004 762 4068 ouius
785 4003 885 4088 primi
895 4003 1041 4070 homines
1056 4001 1210 4068 dederunt
1226 4023 1302 4066 oau-

149 4133 229 4191 sam,
254 4110 309 4196 qui
331 4107 455 4175 nullum
477 4107 576 4174 alium
598 4109 740 4174 sciebant
762 4108 869 4175 cibum
890 4108 952 4174 nisi
972 4131 1145 4194 quercuum
1168 4107 1300 4186 fructus,

149 4217 302 4307 glandes,
332 4238 411 4302 quos
441 4215 544 4300 primo
574 4215 615 4280 ab
646 4215 690 4280 eis
714 4216 859 4281 inventos
882 4215 960 4280 dicit
981 4213 1121 4280 Isidorus
1144 4217 1176 4278 et
1202 4216 1303 4297 poetae

150 4327 316 4407 utsupra
365 4317 455 4387 Unde
478 4319 623 4386 rodentes
645 4319 777 4406 glandes
809 4341 935 4406 suaeque
964 4319 1075 4386 esurire
1103 4315 1302 4383 consulentes

150 4427 281 4494 arbores
309 4427 395 4512 ipsas
425 4430 580 4511 tanquam
601 4446 675 4491 suos
697 4425 844 4492 colebant
866 4423 959 4492 Deos.
1005 4421 1066 4490 Sed
1088 4421 1216 4508 Jupiter
1245 4423 1301 4488 ed-
