3072 4936
784 343 847 409 154

238 520 341 600 datus,
365 541 423 585 nec
446 522 537 604 patet
559 518 707 603 cuiquam
730 518 885 583 transitus
900 519 935 582 in
959 518 1026 613 eius
1050 539 1210 596 cacumen,
1233 515 1297 580 nisi
1319 537 1394 582 con-
1429 567 1433 574 .

241 625 398 692 scenderit
420 626 459 689 de
482 624 590 708 alique
613 624 704 688 velle.
752 623 917 688 mediocris
940 627 1045 688 tamen
1069 626 1118 688 est
1149 621 1216 686 eius
1246 621 1392 700 altitudo,

239 754 304 796 non
346 730 445 796 nimia
487 728 672 794 celsitudine
705 727 854 793 taediosus
886 732 951 808 est,
992 749 1050 792 nec
1084 727 1268 792 remissione
1297 727 1396 792 nimia

240 838 414 920 despectus.
461 839 493 900 et
516 833 661 918 quamvis
691 832 822 898 nonsit
850 833 1025 898 altissimus
1056 832 1140 898 mole
1167 833 1316 918 propria,
1347 836 1395 897 est

240 945 346 1005 temen
370 940 511 1006 excelsus
533 939 624 1004 valde
654 937 826 1004 situatione
856 940 1006 1024 regionis.
1054 941 1136 1004 unde
1165 961 1395 1024 aquacunque

241 1046 338 1130 plaga
360 1045 522 1110 venientes
554 1047 665 1108 eontra
696 1048 838 1108 montem
867 1044 976 1121 illum,
1004 1043 1117 1128 procul
1149 1044 1216 1109 eius
1246 1065 1395 1108 cacumen

241 1150 351 1215 vident
373 1149 495 1215 cunctis
529 1149 615 1214 illius
639 1149 779 1232 regionis
812 1149 1045 1234 supereminere
1076 1149 1249 1216 mentibus.
1296 1147 1397 1212 Totus

242 1277 333 1320 mons
356 1255 411 1319 ille
435 1253 615 1338 uliginosus
648 1258 696 1318 est
723 1259 755 1318 et
776 1254 984 1340 spongiosos,
1017 1255 1234 1340 desudantque
1257 1254 1397 1338 undique

243 1383 333 1445 equae
356 1383 394 1424 ex
414 1381 460 1439 ee,
485 1382 563 1444 ques
587 1359 626 1424 ab
649 1359 714 1423 imo
738 1359 874 1424 attrahit
890 1359 924 1424 in
949 1381 1142 1444 supremum.
1188 1359 1232 1424 Et
1246 1358 1398 1425 videtur²

242 1465 434 1550 imaginanti
458 1465 541 1549 quod
564 1487 603 1529 ex
626 1465 716 1548 aquis
740 1470 928 1549 consurgat,
961 1465 1145 1550 radicesque
1166 1487 1239 1531 suas
1262 1464 1297 1529 in
1321 1465 1397 1530 sub·

243 1570 397 1636 terraneis
413 1572 504 1654 aquis
519 1569 599 1634 fixas
615 1567 734 1634 hebeat
749 1573 781 1634 et
796 1573 894 1635 tantae
910 1569 1004 1636 molis
1020 1570 1163 1656 gravitas
1180 1570 1271 1655 aquis
1287 1592 1399 1654 super·

243 1679 341 1742 natet.
387 1674 481 1741 Unde
497 1674 573 1760 quia
597 1697 687 1740 mons
703 1674 852 1739 humidus
867 1679 924 1754 est,
948 1674 1130 1741 foecundam
1145 1675 1243 1740 babet
1257 1674 1398 1760 glebam,

245 1780 404 1865 praecipue
427 1803 497 1846 cum
522 1781 561 1844 ad
585 1780 646 1844 hoc
667 1779 785 1844 babeat
808 1779 884 1844 solis
907 1784 939 1844 et
969 1780 1104 1846 aliorum
1136 1780 1276 1846 siderum
1306 1780 1401 1844 valde

147 1865 219 1943 ΡΜ·
244 1885 421 1971 gratiosum
445 1885 636 1969 adspectum,
660 1889 694 1948 at
715 1884 797 1949 nulli
821 1885 950 1950 dubium
974 1884 1052 1970 quin
1076 1888 1150 1950 ante
1176 1884 1345 1950 hominum
1366 1886 1401 1950 in

245 1991 313 2055 loco
336 1990 568 2054 habitationem
590 1989 688 2054 fuerit
718 2011 809 2054 mons
841 1989 896 2056 ille
917 1989 1102 2075 ingentibus
1125 1988 1253 2056 ilicibus
1276 1991 1400 2075 plenus.

245 2095 370 2160 Excisis
393 2099 500 2160 autern
523 2095 689 2160 arboribus
712 2095 863 2179 produxit
885 2095 1001 2160 humus
1018 2095 1135 2160 diversi
1157 2097 1283 2180 generis
1298 2096 1400 2161 medi·

246 2200 363 2266 cinales
385 2199 501 2264 herbas
524 2203 556 2264 et
573 2198 761 2264 aromaticas
784 2197 956 2282 plantulas.
1002 2221 1077 2263 narn
1099 2199 1193 2264 hodie
1206 2198 1351 2264 herbarii
1365 2201 1401 2264 in

245 2304 400 2370 lateribus
429 2305 547 2370 montis
580 2304 668 2368 illius
699 2307 847 2387 quaerunt
879 2303 998 2368 radices
1029 2304 1187 2369 virtuosae
1220 2308 1253 2368 et
1283 2304 1402 2370 herbas

247 2409 421 2474 odoriferas
438 2431 495 2494 pro
514 2431 669 2494 aquarum
683 2407 921 2474 medicinalium
936 2407 1149 2474 destillatione
1165 2412 1197 2474 et
1212 2407 1402 2475 balneorum

248 2515 444 2580 confectione
475 2518 508 2578 et
533 2517 771 2599 unguentorum
804 2511 1042 2596 compositione.
1089 2513 1174 2579 Nam
1204 2537 1242 2580 ea
1268 2537 1341 2600 quae
1367 2515 1402 2580 in

248 2619 378 2686 remotis
401 2625 433 2684 et
456 2619 566 2684 calidis
590 2617 773 2703 regionibus
796 2622 962 2695 crescunt,
992 2617 1040 2682 ibi
1065 2619 1293 2700 inveniuntur,
1326 2621 1404 2706 quia

248 2725 343 2812 gleba
374 2724 493 2789 montis
524 2723 612 2788 illius
635 2723 760 2789 videtur
791 2722 949 2808 singulari
980 2723 1118 2808 quadem
1146 2724 1357 2792 foecunditate
1383 2750 1404 2792 a

250 2830 412 2896 conditore
434 2829 662 2914 impraegnata:
685 2826 731 2891 ibi
755 2851 808 2893 aer
823 2829 973 2910 serenior,
996 2835 1082 2894 terra
1105 2828 1296 2910 foecundior,
1319 2856 1405 2917 aqua

249 2936 356 3001 sanior
388 2940 421 3000 et
449 2935 534 3021 ignis
562 2933 793 3018 quodammodo
827 2933 942 3000 clarior
971 2937 1107 3002 rutilans
1134 2936 1307 3002 invenitur.
1353 2936 1405 3002 Ibi

250 3064 315 3106 non
337 3039 440 3105 solum
467 3043 559 3104 terrea
592 3038 757 3103 nascentia
788 3044 900 3122 sponte
923 3042 1033 3127 genita
1055 3041 1179 3122 valent,
1212 3042 1266 3106 sed
1297 3043 1406 3108 omnia

250 3147 405 3232 plantata,
428 3145 584 3211 seminata
606 3147 638 3208 et
659 3142 763 3208 locata
787 3143 914 3210 uberius
937 3146 1129 3212 fructificare
1160 3151 1295 3213 constat.
1342 3145 1405 3213 Sed

251 3257 283 3318 et
305 3252 455 3317 animalia
477 3249 524 3314 ibi
539 3253 691 3336 generata
714 3248 894 3314 robustiora
908 3255 941 3316 et
954 3253 1076 3318 cariora
1090 3257 1175 3332 sunt,
1198 3257 1231 3318 et
1244 3252 1405 3338 praecipue

253 3357 326 3442 equi
349 3359 426 3422 adeo
450 3355 526 3420 boni
549 3357 581 3418 et
604 3352 703 3418 fortes
725 3352 771 3417 ibi
794 3353 986 3440 gignuntur,
1017 3361 1054 3421 ut
1085 3356 1244 3442 principes
1266 3379 1287 3422 a
1309 3357 1406 3443 longa

252 3459 374 3546 positi⁹
398 3485 417 3526 a
440 3462 507 3525 loco
531 3458 586 3523 illo
603 3456 664 3522 sibi
679 3457 766 3522 mitti
789 3481 885 3542 equos
901 3465 1079 3544 procurent,
1103 3467 1160 3527 aut
1182 3462 1405 3549 aregionibus

252 3568 317 3631 suis
339 3567 474 3632 mittunt
497 3587 594 3650 equas
617 3565 650 3627 in
683 3563 803 3644 locum,
833 3569 870 3630 ut
901 3563 948 3628 ibi
970 3565 1099 3630 nutritae
1128 3571 1160 3632 et
1185 3567 1406 3654 impraegnata

253 3672 362 3756 genita
386 3671 548 3755 recipiant.
595 3667 749 3735 Similiter
771 3693 890 3749 vaccae,
914 3670 1007 3748 tauri,
1031 3693 1124 3752 ores,
1156 3672 1291 3756 porcelli
1314 3673 1405 3754 lacte,

253 3776 395 3854 foetibus,
418 3797 527 3854 carne,
551 3779 639 3853 cute,
672 3776 745 3839 lana
769 3775 961 3860 praecellunt.
1009 3773 1070 3840 Sed
1094 3780 1126 3840 et
1147 3776 1278 3861 gallinae
1300 3779 1406 3864 magis

252 3880 300 3944 ibi
322 3887 437 3961 ovant,
467 3886 499 3945 et
522 3885 626 3946 cetera
660 3879 767 3944 omnia
798 3879 828 3944 vi
856 3878 1040 3966 generativa
1063 3881 1180 3946 valant.
1226 3886 1259 3946 et
1281 3882 1345 3948 hoc
1367 3905 1407 3948 ex

254 3987 393 4051 naturali
416 3991 509 4052 terrae
532 3986 606 4063 situ,
631 3989 777 4069 respectu
799 3983 871 4050 coeli
894 3989 926 4049 et
948 3984 1094 4050 siderum.

343 4090 485 4156 Secundo
508 4092 545 4154 de
567 4090 682 4175 gentili
705 4090 771 4154 ritu
792 4089 827 4153 in
850 4089 911 4156 hoc
933 4089 1001 4154 loco
1024 4091 1102 4156 clim
1118 4092 1277 4158 celebrato
1295 4093 1407 4158 viden-

255 4197 330 4261 dum
346 4199 442 4260 venit.
488 4195 536 4261 De
560 4217 623 4280 quo
650 4196 722 4260 licet
747 4200 868 4314 veteqes
884 4193 986 4260 nostri
1002 4194 1093 4261 nobis
1108 4197 1190 4262 nibil
1207 4197 1406 4283 reliquerint,

328 4353 341 4405 1
366 4350 402 4404 Et
421 4349 532 4404 videtur
551 4389 558 4404 .
578 4395 584 4407 .
604 4390 612 4406 .
630 4391 637 4406 .
656 4353 820 4421 supernatet
837 4349 1067 4406 lebltbeiWibl.
1086 4349 1144 4404 und
1157 4351 1248 4410 Sebm.
1285 4353 1302 4407 2
1318 4351 1407 4423 rergl.
1433 4421 1436 4426 Ι

256 4457 276 4494 s.
298 4440 356 4494 162.
