3014 4926
657 249 775 374 su

190 487 245 528 θεοῦ
270 467 474 555 seipsoque
496 471 601 535 saneti
623 473 698 536 sunt
719 469 834 551 insani,
857 470 980 553 furiosi,

271 574 425 654 hunstioi,
448 574 585 640 maniaci
607 597 663 640 seu
684 575 885 662 vertiginosi,
915 656 917 664 Ι

270 677 451 766 Hydropioo
473 680 528 766 qui
550 680 678 746 fuerunt
699 685 857 747 tumentes
880 704 918 748 ex
940 682 1073 748 humore

269 785 313 850 Et
334 807 354 849 s
374 785 486 850 morbo
508 785 702 850 eurebentur
724 807 780 870 per
802 785 967 854 desumet
989 791 1123 854 tumore.

272 887 338 955 Per-
358 887 480 954 fluxum
504 888 740 955 hemorroidum
763 890 818 974 qui
840 890 1093 958 luerentsexsti

191 1012 243 1051 Μ
270 992 343 1060 Sive
364 993 550 1060 dissenteria
572 1017 628 1079 per
649 993 761 1060 Jesurn
782 999 858 1060 sunt
880 995 991 1061 cunuti.

271 1097 385 1164 (iuneti
407 1098 462 1183 qui
484 1098 671 1164 infirmitate
694 1121 892 1185 qusoumque
914 1101 1111 1167 verebantur

270 1201 442 1270 Venientes
464 1204 504 1268 nd
524 1203 636 1270 Jesum
658 1205 769 1270 stetim
790 1205 993 1271 curabantur.

269 1307 354 1374 Nem
376 1329 483 1374 omnes
505 1308 700 1396 egritudines
723 1309 851 1375 morbos
873 1314 906 1376 et
926 1309 1097 1397 languores

269 1413 321 1480 Ab
343 1413 478 1479 infirmis
501 1414 620 1499 repulit
641 1412 735 1480 Jesus
757 1418 790 1480 et
812 1415 944 1482 dolores.

193 1537 245 1574 ³⁸⁷⁰
270 1517 391 1584 Morbis
414 1523 446 1584 et
468 1518 630 1584 doloribus
652 1521 778 1604 gravati
800 1519 856 1605 qui
877 1519 1007 1585 fuerumt

269 1621 300 1688 A
320 1621 397 1688 Jesu
420 1622 547 1688 Christo
569 1623 736 1698 sanitatem
760 1623 887 1708 plenum
909 1627 1103 1710 receperunt.

270 1727 407 1794 Cunctos
429 1728 624 1814 egritudines
646 1733 679 1794 et
700 1728 919 1796 infirmitatem

269 1831 322 1902 Ab
345 1833 433 1923 egris
455 1832 549 1902 Jesus
571 1833 699 1922 repulit,
720 1833 771 1900 his
793 1833 925 1901 reddens
947 1834 1125 1900 sanitatem.

226 2205 329 2293 Quod
357 2205 531 2281 demones
558 2205 819 2281 clamaverunt
846 2205 980 2279 contre
1006 2202 1148 2279 Jesurn.

270 2467 420 2536 Obsessos
442 2469 623 2536 edemonio
646 2467 763 2532 multos
785 2465 944 2546 liberavit,

195 2593 245 2632 ωτι
271 2574 455 2642 Inmundes
476 2574 518 2639 eb
540 2571 723 2638 horninibus
744 2571 875 2656 spiritus
897 2570 1041 2657 fugerit3

267 2679 330 2746 Sed
351 2701 424 2746 eum
445 2701 465 2746 s
486 2678 669 2764 corporibus
693 2677 840 2742 demones
861 2676 962 2758 eiecit,

268 2785 334 2852 Eos
354 2785 396 2852 eb
418 2785 600 2851 hominibus
623 2783 826 2868 recedensque
848 2781 934 2862 feeit,

267 2891 434 2956 Eliulentes
455 2889 593 2956 horridis
615 2888 745 2953 vocibus
768 2887 959 2966 densabant,

267 2995 388 3062 (luntre
407 2997 457 3062 dei
479 2995 581 3060 filiurn
603 2993 742 3060 dieentes
762 2991 1047 3077 blasphemabant:

195 3119 243 3158 sno
273 3100 370 3168 »Jesu
391 3100 526 3181 Christe,
549 3099 596 3164 fili
618 3099 678 3178 dei,
700 3097 798 3163 seouli
820 3099 952 3176 creator,

270 3205 345 3288 Geli,
368 3211 452 3272 terre
474 3206 628 3284 eonditor,
652 3202 769 3269 inferni
790 3201 988 3268 devastator!

270 3309 337 3378 Nos
360 3335 379 3378 e
400 3311 517 3378 nostris
539 3309 666 3376 sedibus
688 3309 726 3374 de
748 3307 815 3372 celo
836 3304 982 3390 repulisti

268 3416 313 3482 nt
334 3415 452 3483 inferni
474 3413 615 3483 tenebris
635 3415 770 3480 deiectos
793 3410 961 3490 reclusas,

269 3521 313 3588 st
334 3521 496 3588 hominem
518 3543 612 3607 quem
633 3519 753 3586 socium
775 3515 922 3602 supplicii
945 3513 1070 3594 dedisti,

195 3645 244 3684 w
269 3625 363 3693 Hune
382 3625 508 3692 anferre
529 3625 684 3690 violenter
706 3645 726 3690 s
747 3621 841 3688 nobis
862 3625 898 3685 tu
919 3619 1045 3684 venisti.

268 3729 431 3817 Numquid
454 3731 514 3796 tibi
537 3729 656 3795 suffieit
677 3727 817 3793 selorum
839 3723 985 3804 altitudo,

268 3837 313 3902 nt
332 3839 432 3902 totius
454 3834 551 3902 seculi
572 3838 655 3900 terre
676 3830 840 3898 latitudo?

270 3940 352 4018 Quin
374 3941 470 4008 etium
492 3939 658 4006 extendere
682 3943 772 4003 tuom
794 3935 992 4000 maiestatem

270 4045 323 4112 Ad
342 4045 501 4112 infernum
524 4044 634 4130 oupiue
654 4047 687 4108 et
708 4045 851 4108 nostrum
873 4041 1091 4124 potestatem?

198 4167 246 4206 *Μ
271 4151 437 4218 Debellsre
458 4149 584 4216 studeas
607 4153 639 4215 et
661 4152 803 4214 nostrum
827 4148 989 4230 asportare

272 4253 401 4324 Predsm
424 4259 456 4323 et
478 4254 647 4354 imperium
668 4255 812 4322 uestrum
837 4249 1009 4318 devastate.
