3080 4938
799 367 839 432 14

239 544 272 607 et
293 541 438 627 clypeum
461 543 584 608 duobus
606 540 813 606 nobilissimis
836 541 995 607 coloribus
1010 541 1104 626 nigro
1120 544 1153 606 et
1173 539 1248 605 albo
1263 543 1389 619 oruata,

240 669 303 732 quo
325 645 420 712 hodie
441 651 474 712 et
496 647 616 712 domini
638 647 677 712 de
699 645 921 732 Klingeuberg
942 651 975 712 et
998 645 1155 712 ulmenses
1178 648 1315 710 utuntur
1329 645 1389 710 sub

239 751 415 837 aequalibus
437 752 615 830 coloribus,
638 751 817 818 differentia
839 756 946 818 temen
968 751 1073 817 estin
1095 773 1132 816 eo
1160 750 1245 835 quod
1267 750 1389 816 domini

238 856 277 922 de
299 855 501 943 Kliugaberg
522 857 644 924 hebent
665 857 811 942 clypeum
834 855 998 942 galeatum
1019 859 1090 922 rota
1113 856 1212 921 aratri
1237 859 1387 922 ornatum

239 962 279 1026 ed
301 964 557 1028 torneamentum
587 967 620 1028 ct
647 967 800 1047 utrosque
822 962 941 1028 colores
970 962 1039 1028 sine
1068 983 1177 1027 eorum
1212 960 1390 1028 mutatione

238 1065 355 1132 hedera
370 1067 525 1151 perfusos,
541 1067 698 1132 ulmeuses
721 1069 828 1134 eutem
845 1089 940 1151 super
954 1067 1101 1152 clypeum
1117 1063 1214 1152 [non]
1235 1064 1244 1102 ¹
1267 1064 1390 1130 habent

238 1171 364 1254 galeam
398 1171 437 1236 ed
468 1170 642 1236 hastiludia
669 1175 702 1236 et
733 1169 818 1236 bella
851 1175 1000 1236 ornatum
1033 1175 1066 1236 et
1096 1175 1247 1256 utrosque
1269 1171 1389 1236 colores

238 1274 432 1340 cancellatos
454 1273 523 1340 sine
544 1274 727 1340 inductione
749 1273 881 1340 alterius
896 1275 1020 1340 coloris.
1059 1274 1179 1341 Dicunt
1193 1280 1302 1341 temen
1317 1276 1390 1361 qui·

238 1381 312 1446 dam
333 1381 396 1445 alio
418 1380 512 1446 modo
535 1381 665 1465 nigrum
687 1383 719 1446 et
742 1380 851 1445 album
874 1377 1080 1446 Ulmensibus
1102 1381 1213 1446 datum
1232 1381 1274 1445 ab
1289 1381 1390 1464 impe-

240 1489 348 1565 ratore
370 1483 491 1550 scilicet
512 1483 641 1564 Karolo,
665 1484 721 1569 qui
742 1507 795 1550 ecs
818 1484 928 1550 abbati
950 1483 1048 1552 owiae
1070 1485 1280 1571 approprians
1302 1485 1390 1550 dedit

238 1591 283 1656 eis
298 1589 417 1656 colores
433 1591 610 1675 tegumenti
626 1589 755 1656 illorum
766 1589 995 1656 monachorum
1007 1589 1136 1675 nigrum
1151 1612 1258 1675 supra,
1275 1588 1385 1654 album

239 1694 335 1760 infra.
386 1693 453 1758 Alii
486 1695 596 1760 dicunt
625 1694 781 1779 quendam
804 1693 954 1760 abbatem
980 1693 1077 1760 Ouiae
1109 1696 1154 1762 eis
1177 1695 1299 1762 dedisse
1332 1695 1391 1760 bos

237 1799 357 1864 colores
380 1798 414 1863 in
436 1798 590 1864 honorem
612 1820 677 1864 suae
692 1800 856 1884 progeniei
877 1803 910 1866 et
925 1805 1110 1885 perpetuam
1126 1800 1171 1865 rei
1186 1800 1383 1879 memoriam,

239 1905 315 1989 quie
340 1903 395 1968 ille
417 1902 516 1968 abbas
538 1907 607 1968 erat
622 1925 704 1968 unus
719 1903 758 1968 dc
773 1905 925 1989 progenie
941 1904 1150 1990 Kliugaberg.
1196 1905 1263 1970 Alii
1278 1905 1389 1971 dicunt

239 2009 325 2093 quod
347 2031 419 2074 cum
437 2007 603 2074 Ulmeuses
625 2029 715 2074 suem
738 2008 847 2074 villam
870 2010 904 2074 in
926 2031 1034 2075 muros
1056 2010 1260 2076 inclusisseut
1276 2015 1310 2076 et
1331 2033 1389 2095 op·

239 2113 349 2198 pidum
371 2114 406 2178 in
429 2113 496 2178 dies
511 2117 781 2199 augmentaretur,
804 2113 965 2199 petierunt
980 2115 1021 2180 eb
1040 2115 1233 2200 imperatore
1247 2115 1387 2201 insignia

238 2218 348 2284 vexilli
370 2224 403 2285 et
424 2217 528 2302 clypei
551 2218 660 2284 multis
684 2219 785 2296 annis,
808 2219 939 2284 tandem
961 2225 1069 2286 autem
1089 2219 1264 2304 imperetur
1285 2219 1388 2285 victus

239 2345 311 2388 cum
322 2323 527 2408 impacientie
538 2322 716 2388 faeciletum
728 2322 812 2407 quod
827 2345 925 2388 mauu
941 2324 1073 2409 gerebat
1084 2325 1118 2390 iu
1129 2325 1233 2390 lutum
1245 2325 1387 2410 projecit,

239 2428 317 2513 pede
340 2428 547 2513 panniculum
569 2427 638 2494 luto
661 2427 808 2512 infigens,
831 2429 920 2513 cnjus
943 2432 1050 2496 tamen
1066 2429 1199 2496 inferior
1213 2451 1288 2514 pers
1303 2451 1387 2509 casu,

237 2555 300 2597 non
324 2533 499 2612 industrie,
523 2535 613 2598 extra
634 2533 762 2598 mansit.
810 2533 983 2600 Assumens
1012 2555 1090 2620 ergo
1120 2535 1293 2618 imperator
1322 2533 1387 2599 fas·

238 2637 317 2702 ciale
332 2637 365 2701 in
382 2641 473 2721 parte
484 2637 682 2702 sordidatum
698 2635 817 2704 obtulit
831 2639 1022 2723 petentibus,
1043 2638 1207 2725 ›Insignia
1217 2641 1246 2704 le
1269 2639 1384 2718 dicens,

241 2747 293 2807 »et
317 2741 394 2826 quid
417 2741 503 2806 eliud
525 2746 687 2806 merentur
710 2743 821 2808 rustici
844 2743 964 2809 sordidi
991 2744 1053 2810 uisi
1084 2743 1149 2810 tale
1170 2742 1297 2828 insigne
1319 2765 1387 2808 sor·

238 2846 347 2911 didum
358 2849 393 2911 Ρ(
419 2845 606 2930 accipientes
623 2868 699 2932 ergo
714 2847 845 2932 nigrum
857 2853 890 2914 at
907 2849 1016 2914 album
1031 2849 1182 2914 distincta
1197 2848 1387 2914 invenerunt

236 2955 268 3017 et
290 2953 461 3017 secundum
483 2949 544 3016 boc
566 2950 691 3031 vexilla,
715 2951 841 3036 clypeos
864 2956 897 3018 et
919 2975 1008 3018 erma
1029 2951 1251 3036 depinxenmt.

323 3057 390 3122 Alii
405 3058 525 3137 dicunt,
548 3056 632 3140 quod
653 3057 688 3120 in
703 3059 846 3141 tempore
866 3057 933 3138 illo,
957 3056 1084 3141 quando
1107 3054 1203 3123 Saevi
1224 3078 1387 3123 senensem

234 3163 396 3228 civitatem
418 3165 671 3242 constrauerunt,
695 3165 731 3228 et
746 3184 842 3246 supra
863 3161 983 3226 dictum
997 3165 1055 3239 est,
1079 3158 1245 3228 Ulmeuses
1260 3183 1382 3227 memo-

235 3267 331 3334 rabili
344 3268 454 3334 lebore
469 3289 622 3334 consensu
639 3268 781 3332 omnium
796 3266 975 3351 principum
991 3266 1132 3352 insignia
1147 3266 1287 3332 eiusdem
1300 3266 1386 3331 urbis

233 3374 360 3440 inverse
381 3374 498 3440 hebere
517 3371 699 3438 meruerint.
745 3371 875 3438 Habent
889 3373 975 3437 enim
992 3369 1145 3438 &nenses
1160 3371 1270 3436 album
1286 3394 1383 3456 supra

235 3485 267 3545 et
289 3480 419 3566 nigrum
440 3479 535 3558 inire,
558 3476 612 3543 sed
634 3477 790 3542 ulmenscs
813 3475 973 3542 contrario
995 3475 1099 3541 modo.

322 3583 389 3648 Alii
413 3583 523 3650 dicunt
546 3582 584 3647 de
606 3583 734 3648 nomine
755 3581 865 3666 oppidi
880 3579 957 3648 Ulm
980 3581 1065 3667 quod
1080 3580 1151 3647 ideo
1166 3581 1210 3647 sit
1225 3581 1254 3647 ei
1269 3603 1385 3648 nomeu

234 3689 430 3774 impositum,
454 3689 530 3775 quia
552 3688 586 3752 iu
601 3709 639 3753 ea
658 3687 946 3773 comprehendetur
967 3708 1117 3752 numerus
1137 3687 1213 3751 euni
1228 3709 1295 3752 suae
1310 3709 1387 3752 con·

236 3794 425 3875 stitutionis,
441 3795 539 3860 hebet
555 3793 639 3858 enim
655 3790 746 3858 MLV
763 3797 795 3858 et
810 3797 893 3860 esset
909 3793 1044 3858 fundata
1058 3792 1171 3858 civitas
1186 3814 1271 3858 anno
1282 3791 1386 3872 MLV,

234 3899 288 3965 scd
310 3922 352 3965 au
374 3905 449 3966 ante
483 3900 533 3964 vel
564 3903 636 3984 post
658 3897 779 3964 Christi
810 3899 1013 3964 nativitatem
1035 3901 1086 3964 tot
1117 3898 1193 3963 euni
1224 3897 1387 3976 fluxerint,

234 4025 298 4068 non
322 4004 440 4084 dicunt,
466 4025 540 4068 nem
571 4003 598 4068 si
621 4007 695 4069 ente
718 4001 839 4068 Christi
868 4003 1071 4069 nativitatem
1100 4023 1184 4066 euno
1221 4001 1306 4067 1055
1339 4006 1388 4067 est

235 4107 401 4188 aedificate,
424 4105 540 4172 habuit
554 4107 683 4172 initium
695 4110 838 4192 tempore
859 4104 1038 4174 Salomonis
1061 4106 1113 4172 vel
1128 4106 1288 4172 modicum
1303 4111 1388 4193 post,

234 4213 262 4278 si
284 4218 357 4298 post
379 4213 601 4293 nativitatem,
634 4212 763 4278 initiata
785 4212 848 4278 fuit
870 4215 1013 4296 tempore
1044 4209 1187 4277 Heinrici
1219 4213 1351 4279 secundi
1362 4211 1388 4294 ¹,

308 4432 320 4484 l
340 4429 434 4484 Dicaea
454 4445 510 4484 non
528 4427 602 4484 fehlt
620 4428 664 4485 bei
683 4429 768 4486 allen.
800 4353 817 4390 ¹¹
839 4431 856 4486 2
875 4427 911 4488 So
929 4429 1011 4498 alle..
