3080 4938
792 365 836 433 24

238 543 359 632 AEgidii
383 545 538 612 dicebant.
585 544 681 610 Curia
703 542 788 608 enim
803 542 860 607 illa
876 545 945 608 tota
959 563 1031 606 oum
1046 540 1153 626 platea
1167 562 1263 626 quam
1285 537 1392 602 nomi-

237 654 317 714 nant
339 649 496 715 (irienhof
517 650 556 713 ad
580 647 751 713 monachos
773 647 965 730 pertinebat,
988 667 1045 711 nec
1067 650 1159 710 erant
1173 650 1250 710 tunc
1278 645 1392 710 domus

238 755 283 819 ibi
306 755 388 820 sicut
410 755 485 834 iam,
509 755 637 838 dempta
659 754 752 817 domo
774 753 1003 816 monachorum
1026 749 1215 835 predicta1,
1239 755 1271 814 et
1295 751 1391 815 domo

238 861 340 925 sancti
362 859 498 938 Nicolai,
521 859 677 944 quamde
699 857 881 922 fortissimis
904 857 1003 921 muris
1018 856 1162 920 fecerunt
1183 859 1216 920 et
1234 855 1392 920 fenestras

238 969 270 1029 et
292 965 375 1029 ostie
396 965 507 1030 ferreis
530 963 632 1030 rslvis
662 963 892 1027 obturaverunt
923 965 1053 1047 propter
1076 961 1240 1025 thesauros
1271 960 1318 1024 ibi
1341 983 1393 1024 re-

239 1070 383 1135 conditos
399 1075 432 1134 et
446 1074 577 1154 propter
592 1069 761 1133 tuitionem
776 1067 810 1131 in
824 1067 1033 1132 seditionibus
1048 1065 1216 1131 concitetis
1231 1088 1288 1150 per
1304 1067 1390 1130 cives

239 1179 350 1239 contre
372 1195 435 1241 eos.
481 1173 574 1240 Unde
597 1173 686 1238 curie
707 1172 758 1237 vel
773 1173 880 1257 platea
895 1173 950 1238 der
966 1171 1124 1237 Grienhof
1135 1171 1200 1236 fuit
1214 1172 1393 1255 pomerium

239 1283 272 1346 et
292 1280 479 1346 viridarium
499 1279 744 1358 monachorum,
777 1283 814 1343 ut
836 1275 895 1344 et’
918 1299 1033 1342 nomen
1056 1276 1198 1356 retinuit,
1222 1279 1254 1341 et
1276 1276 1391 1340 domus

240 1383 407 1450 Wilhelmi
428 1385 502 1450 Low
525 1389 594 1449 erat
608 1384 770 1461 horreum,
793 1405 867 1468 pars
882 1382 1003 1447 scilicet
1018 1381 1152 1466 lapidee,
1176 1403 1392 1466 persensere

239 1512 304 1554 non
327 1493 404 1568 erat,
427 1488 511 1554 sicut
524 1509 582 1553 nec
597 1489 709 1552 domus
724 1486 850 1552 Nicolei
866 1487 1039 1567 Besserers,
1063 1508 1120 1551 nec
1137 1487 1249 1551 domus
1264 1484 1392 1551 abbatis

240 1595 278 1658 de
286 1592 500 1673 Ochsehusen,
513 1615 570 1659 nec
578 1594 689 1658 domus
701 1591 834 1657 Mathaei
846 1590 935 1671 item,
947 1613 1004 1657 nec
1013 1592 1125 1656 domus
1135 1592 1212 1656 dicti
1221 1589 1393 1670 Fsrwers⁸,

242 1719 298 1764 nec
315 1698 426 1763 domus
444 1699 526 1763 turri
539 1719 670 1763 annexae
685 1703 717 1763 et
732 1699 827 1762 curiae
850 1699 951 1762 suncti
967 1696 999 1762 N
1000 1697 1093 1762 icolai
1116 1703 1225 1776 erent,
1248 1699 1302 1763 sed
1325 1697 1395 1761 lata

241 1807 310 1869 erat
320 1803 549 1868 monachorum
558 1804 664 1887 platea
673 1806 705 1866 et
714 1823 845 1880 amoena,
856 1801 963 1886 sicque
974 1801 1070 1888 longo
1081 1801 1391 1887 temporeresstetit.

327 1907 402 1974 Non
434 1907 537 1972 solnm
569 1913 676 1972 autem
704 1907 852 1972 monachi
884 1905 999 1987 Owiae,
1031 1907 1085 1972 sed
1115 1907 1212 1972 etiem
1243 1905 1393 1971 monaehi

242 2014 465 2080 Cistercienses
488 2013 526 2078 de
550 2013 738 2076 Bebahnsen
767 2013 858 2077 iuxta
881 2011 1051 2097 Tubingen
1074 2012 1108 2076 in
1133 2011 1230 2078 Ulme
1251 2011 1392 2076 domina·

241 2120 360 2184 bantur
381 2117 507 2203 magnis
529 2115 706 2201 privilegiis
729 2121 863 2196 utentes,
887 2117 970 2181 unde
1000 2137 1134 2200 parvum
1163 2115 1393 2182 monasterium

242 2223 428 2288 incivitate
457 2225 720 2301 construxerunt,
750 2221 914 2287 ecclesiam
946 2221 1065 2286 scilicet
1096 2223 1198 2287 sancti
1222 2220 1354 2306 Georgii
1367 2219 1392 2298 ⁴,

243 2328 294 2393 cui
317 2326 476 2392 domicilia
498 2326 712 2392 adiunxerunt
734 2349 791 2411 pro
805 2327 1034 2392 monachorum
1049 2327 1222 2406 mansione,
1246 2331 1279 2391 et
1292 2326 1392 2390 habe-

242 2433 322 2498 bant
343 2431 390 2496 ibi
412 2432 532 2517 grande
555 2432 704 2516 spatium,
729 2433 804 2516 quia
825 2454 883 2496 nec
897 2432 1028 2497 ecclesia
1046 2431 1148 2498 beatae
1164 2429 1310 2518 Virginis
1334 2451 1392 2496 nec

243 2537 452 2602 coemiterium
474 2541 552 2616 erat,
576 2559 633 2602 neo
648 2538 759 2603 domus
774 2538 959 2603 chorearum
976 2537 998 2617 ⁶,
1022 2559 1079 2602 neo
1095 2543 1219 2623 pategae
1236 2535 1250 2575 ⁸
1272 2557 1394 2601 merca-

244 2645 356 2706 torum
404 2639 440 2704 In
464 2640 521 2705 illo
543 2641 735 2706 monasterio
757 2642 877 2728 grande
896 2642 1059 2707 cellarium
1081 2642 1244 2708 habebant
1258 2641 1292 2706 in
1309 2641 1392 2726 quod

244 2746 440 2829 reponebant
461 2745 564 2809 multe
587 2746 670 2825 rina,
693 2749 725 2810 et
746 2768 869 2831 semper
891 2747 1014 2811 duobus
1036 2747 1175 2812 torsellis
1197 2747 1394 2812 vendebatur

244 2850 354 2916 vinum
368 2850 436 2914 sin'e
450 2849 537 2914 omni
552 2848 692 2914 civitatis
709 2855 765 2914 aut
779 2850 896 2914 civium
911 2850 1060 2928 utilitate,
1078 2851 1154 2935 quis
1169 2851 1269 2916 libera
1283 2851 1394 2914 uinum

147 2961 235 3041 ,Q
243 2955 449 3040 imponebant
471 2959 503 3019 et
526 2955 625 3020 libere
648 2955 841 3034 vendebant,
864 2977 922 3020 nec
944 2956 1108 3020 emebatur
1137 2957 1249 3022 vinum
1271 2957 1312 3021 ab
1335 2955 1396 3020 sli-

246 3081 309 3146 quo
332 3059 478 3126 Ulmensi
501 3059 563 3124 nisi
585 3060 624 3124 de
646 3059 703 3123 iilo
725 3060 868 3139 cellario,
893 3065 925 3124 et
947 3060 1088 3145 hospites
1110 3061 1155 3126 ibi
1179 3061 1393 3146 provisionem

244 3165 305 3230 sibi
327 3164 497 3230 faciebant.
543 3163 699 3229 introitus
731 3162 853 3230 adhoc
883 3165 997 3230 cellere
1028 3170 1097 3231 erat
1130 3167 1184 3232 ubi
1219 3167 1314 3232 hodie
1347 3169 1395 3231 est

245 3269 367 3354 capella
389 3269 492 3334 sancti
507 3267 672 3332 Valentini
694 3267 728 3332 in
743 3270 916 3334 coemiterio
938 3271 1077 3336 ecclesiae
1094 3271 1295 3356 parochialis.
1344 3270 1394 3337 Sic

244 3397 320 3461 ergo
342 3373 509 3440 Ulmenses
531 3375 629 3458 longo
652 3378 793 3458 tempore
815 3373 874 3440 sub
896 3375 973 3460 iugo
996 3375 1224 3441 monachorum
1246 3381 1279 3442 et
1310 3377 1395 3464 regi-

245 3479 331 3544 mine
353 3501 462 3544 eorum
484 3480 659 3564 degebant,
691 3500 806 3564 eosque
836 3485 990 3566 tanquam
1020 3482 1165 3547 dominos
1187 3505 1261 3548 suos
1284 3503 1395 3568 recog·

244 3585 426 3664 noscebant,
443 3589 475 3649 et
486 3585 624 3650 ministri
639 3605 749 3649 eorum
763 3585 935 3650 voluntarii
951 3591 1050 3666 erunt,
1074 3587 1226 3671 quamdiu
1248 3586 1396 3653 monachi

812 3677 830 3716 ιι
1164 3703 1168 3712 .

319 3758 329 3808 l
353 3755 571 3813 Praedioatorum
588 3755 669 3813 (told.
683 3757 724 3811 rr.
736 3757 769 3811 U.
806 3759 1024 3830 predicatorum
1037 3759 1173 3828 predicta
1187 3729 1272 3816 wius.
1301 3775 1395 3816 mona·

246 3843 361 3899 chorum
379 3845 503 3914 predicta
522 3846 594 3901 Mon.
616 3849 638 3900 l.
658 3845 717 3901 Sch.
741 3846 783 3900 Kt.
832 3847 848 3900 2
873 3849 904 3900 ut
923 3849 952 3902 et
970 3846 1013 3901 Kl.
1033 3845 1132 3901 Sohnd.
1152 3847 1237 3900 Wibt.
1274 3847 1394 3902 undeet

247 3931 327 3986 (told.
364 3935 396 3986 ut
416 3933 488 3989 Mon.
510 3935 533 3990 1.
623 3936 640 3990 3
666 3933 794 3990 Ferwech
817 3935 916 3990 Sched.
945 3933 989 3989 Kt.
1020 3935 1110 4004 Schm.
1159 3935 1320 3989 Feruerckh
1347 3935 1396 3988 nh.

246 4018 368 4075 Feruers
389 4023 410 4076 l.
431 4021 502 4076 Mon.
523 4021 605 4076 Wibt.
625 4021 705 4076 Gold.
725 4025 765 4076 ut.
854 4021 916 4078 48.
943 4022 1035 4078 Georii
1063 4023 1134 4079 Mon.
1165 4025 1185 4078 l.
1225 4021 1252 4075 S.
1269 4021 1397 4092 Gregorii

248 4107 328 4163 Gon,
347 4111 404 4172 ut,
424 4108 512 4178 vergi.
531 4107 684 4164 Verhandl.
707 4109 755 4164 des
773 4109 882 4165 vereins
901 4111 946 4164 fiir
965 4111 1051 4164 kunst
1075 4129 1102 4164 u.
1127 4111 1178 4166 elt.
1215 4110 1293 4166 Neue
1310 4111 1398 4167 Reihe

247 4193 321 4248 Ulm.
358 4193 426 4249 Hett
445 4197 456 4249 Ι
474 4215 495 4252 s.
515 4199 555 4252 34.
645 4197 726 4251 51st
754 4197 804 4251 das
831 4197 1004 4268 heutzutege
1027 4200 1201 4266 sogsnannte
1226 4199 1397 4263 sohuhhaus;

249 4283 316 4336 1579
344 4283 438 4337 wurds
467 4283 532 4336 »das
556 4285 658 4340 tannen
683 4284 724 4337 uff
742 4284 805 4340 dem
830 4285 987 4340 schuhheus
1011 4285 1208 4355 abgesobeh't.‹
1258 4287 1396 4342 Dieterich

247 4367 355 4423 Bescbr.
372 4369 399 4424 d.
419 4369 497 4423 stadt
510 4369 575 4424 Ulrn
596 4389 616 4426 s.
635 4371 677 4426 87.
714 4370 810 4442 Vergt.
829 4371 873 4427 die
893 4391 926 4426 zu
944 4376 960 4426 4
980 4375 1150 4443 engefithrto
1171 4375 1261 4430 stelle.
1316 4377 1332 4430 6
1352 4391 1398 4444 po·

247 4459 321 4526 tegae
340 4455 428 4510 Schm.
452 4459 499 4512 tlh.
537 4460 586 4513 Die
604 4462 735 4530 spttteren
757 4459 954 4516 ›kramludcn‹
974 4461 1003 4516 in
1021 4461 1070 4516 der
1088 4461 1258 4533 krarngasse.
