<?xml version="1.0" encoding="UTF-8"?>
<!DOCTYPE html PUBLIC "-//W3C//DTD XHTML 1.0 Transitional//EN"
    "http://www.w3.org/TR/xhtml1/DTD/xhtml1-transitional.dtd">
<html xmlns="http://www.w3.org/1999/xhtml" xml:lang="en" lang="en">
 <head>
  <title>
</title>
<meta http-equiv="Content-Type" content="text/html;charset=utf-8" />
  <meta name='ocr-system' content='tesseract 3.04.00' />
  <meta name='ocr-capabilities' content='ocr_page ocr_carea ocr_par ocr_line ocrx_word'/>
</head>
<body>
  <div class='ocr_page' id='page_1' title='image "./vitabeatevirgin01vggoog_0067.png"; bbox 0 0 2996 4924; ppageno 0'>
   <div class='ocr_carea' id='block_1_1' title="bbox 647 359 687 426">
    <p class='ocr_par' dir='ltr' id='par_1_1' title="bbox 647 359 687 426">
     <span class='ocr_line' id='line_1_1' title="bbox 647 359 687 426; baseline 0 0"><span class='ocrx_word' id='word_1_1' title='bbox 647 359 687 426; x_wconf 80' lang='lat'><strong>59</strong></span> 
     </span>
    </p>
   </div>
   <div class='ocr_carea' id='block_1_2' title="bbox 171 531 1227 3454">
    <p class='ocr_par' dir='ltr' id='par_1_2' title="bbox 171 531 1227 3454">
     <span class='ocr_line' id='line_1_2' title="bbox 251 531 947 619; baseline 0.001 -21"><span class='ocrx_word' id='word_1_2' title='bbox 251 533 386 600; x_wconf 78' lang='lat' dir='ltr'><strong>Dicens:</strong></span> <span class='ocrx_word' id='word_1_3' title='bbox 413 531 503 601; x_wconf 62' lang='lat' dir='ltr'><strong>§Ave</strong></span> <span class='ocrx_word' id='word_1_4' title='bbox 526 533 632 619; x_wconf 78' lang='lat' dir='ltr'><strong>gratio</strong></span> <span class='ocrx_word' id='word_1_5' title='bbox 654 534 748 618; x_wconf 81' lang='lat' dir='ltr'><strong>plena</strong></span> <span class='ocrx_word' id='word_1_6' title='bbox 770 533 862 619; x_wconf 81' lang='lat' dir='ltr'><strong>virgo</strong></span> <span class='ocrx_word' id='word_1_7' title='bbox 884 533 947 619; x_wconf 80' lang='lat' dir='ltr'><strong>pis,</strong></span> 
     </span>
     <span class='ocr_line' id='line_1_3' title="bbox 250 639 1042 723; baseline 0.001 -19"><span class='ocrx_word' id='word_1_8' title='bbox 250 639 367 705; x_wconf 81' lang='lat' dir='ltr'>Tecum</span> <span class='ocrx_word' id='word_1_9' title='bbox 390 660 513 723; x_wconf 82' lang='lat' dir='ltr'><strong>semper</strong></span> <span class='ocrx_word' id='word_1_10' title='bbox 536 639 691 717; x_wconf 78' lang='lat' dir='ltr'><strong>dominus,</strong></span> <span class='ocrx_word' id='word_1_11' title='bbox 717 639 899 705; x_wconf 80' lang='lat' dir='ltr'><strong>dulcissime</strong></span> <span class='ocrx_word' id='word_1_12' title='bbox 921 639 1042 722; x_wconf 79' lang='lat' dir='ltr'><strong>Morio3</strong></span> 
     </span>
     <span class='ocr_line' id='line_1_4' title="bbox 250 743 999 809; baseline -0.004 0"><span class='ocrx_word' id='word_1_13' title='bbox 250 743 311 809; x_wconf 90' lang='lat' dir='ltr'><strong>Pre</strong></span> <span class='ocrx_word' id='word_1_14' title='bbox 334 743 457 808; x_wconf 80' lang='lat' dir='ltr'><strong>eunetis</strong></span> <span class='ocrx_word' id='word_1_15' title='bbox 479 743 665 808; x_wconf 86' lang='lat' dir='ltr'><strong>mulieribus</strong></span> <span class='ocrx_word' id='word_1_16' title='bbox 688 746 724 806; x_wconf 90' lang='lat' dir='ltr'><strong>tu</strong></span> <span class='ocrx_word' id='word_1_17' title='bbox 747 765 779 808; x_wconf 89' lang='lat' dir='ltr'><strong>es</strong></span> <span class='ocrx_word' id='word_1_18' title='bbox 803 743 999 809; x_wconf 67' lang='lat' dir='ltr'><strong>benedicto«</strong></span> 
     </span>
     <span class='ocr_line' id='line_1_5' title="bbox 251 847 1018 934; baseline 0.001 -20"><span class='ocrx_word' id='word_1_19' title='bbox 251 847 340 914; x_wconf 89' lang='lat' dir='ltr'><strong>Mitis</strong></span> <span class='ocrx_word' id='word_1_20' title='bbox 363 849 454 934; x_wconf 83' lang='lat' dir='ltr'><strong>virgo</strong></span> <span class='ocrx_word' id='word_1_21' title='bbox 477 848 590 928; x_wconf 82' lang='lat' dir='ltr'><strong>Morio,</strong></span> <span class='ocrx_word' id='word_1_22' title='bbox 614 869 686 914; x_wconf 85' lang='lat' dir='ltr'><strong>cum</strong></span> <span class='ocrx_word' id='word_1_23' title='bbox 708 847 767 913; x_wconf 84' lang='lat' dir='ltr'><strong>hoo</strong></span> <span class='ocrx_word' id='word_1_24' title='bbox 789 849 912 914; x_wconf 86' lang='lat' dir='ltr'><strong>oudivit</strong></span> <span class='ocrx_word' id='word_1_25' title='bbox 932 850 1018 916; x_wconf 80' lang='lat' dir='ltr'><strong>dioto</strong></span> 
     </span>
     <span class='ocr_line' id='line_1_6' title="bbox 171 951 1032 1040; baseline 0.002 -22"><span class='ocrx_word' id='word_1_26' title='bbox 171 971 223 1010; x_wconf 73' lang='lat' dir='ltr'><strong>mo</strong></span> <span class='ocrx_word' id='word_1_27' title='bbox 251 952 375 1020; x_wconf 83' lang='lat' dir='ltr'>Pudore</span> <span class='ocrx_word' id='word_1_28' title='bbox 397 974 468 1018; x_wconf 85' lang='lat' dir='ltr'><strong>cum</strong></span> <span class='ocrx_word' id='word_1_29' title='bbox 491 951 645 1038; x_wconf 80' lang='lat' dir='ltr'><strong>virgineo,</strong></span> <span class='ocrx_word' id='word_1_30' title='bbox 668 952 818 1018; x_wconf 80' lang='lat' dir='ltr'><strong>turbetur</strong></span> <span class='ocrx_word' id='word_1_31' title='bbox 832 957 872 1020; x_wconf 80' lang='lat' dir='ltr'><strong>-et</strong></span> <span class='ocrx_word' id='word_1_32' title='bbox 894 955 1032 1040; x_wconf 70' lang='lat' dir='ltr'><strong>expavit,</strong></span> 
     </span>
     <span class='ocr_line' id='line_1_7' title="bbox 253 1055 867 1142; baseline 0 -20"><span class='ocrx_word' id='word_1_33' title='bbox 253 1057 361 1134; x_wconf 76' lang='lat' dir='ltr'><strong>Qualis</strong></span> <span class='ocrx_word' id='word_1_34' title='bbox 384 1057 536 1122; x_wconf 78' lang='lat' dir='ltr'><strong>salutatio</strong></span> <span class='ocrx_word' id='word_1_35' title='bbox 559 1055 602 1120; x_wconf 86' lang='lat' dir='ltr'><strong>sit</strong></span> <span class='ocrx_word' id='word_1_36' title='bbox 624 1056 681 1120; x_wconf 85' lang='lat' dir='ltr'><strong>illo</strong></span> <span class='ocrx_word' id='word_1_37' title='bbox 703 1057 867 1142; x_wconf 77' lang='lat' dir='ltr'><strong>cogitavit.</strong></span> 
     </span>
     <span class='ocr_line' id='line_1_8' title="bbox 248 1147 1014 1248; baseline 0.003 -20"><span class='ocrx_word' id='word_1_38' title='bbox 248 1147 304 1228; x_wconf 77' lang='lat' dir='ltr'><strong>&#39;Ad</strong></span> <span class='ocrx_word' id='word_1_39' title='bbox 327 1185 397 1228; x_wconf 82' lang='lat' dir='ltr'><strong>eom</strong></span> <span class='ocrx_word' id='word_1_40' title='bbox 419 1163 465 1228; x_wconf 82' lang='lat' dir='ltr'><strong>ait</strong></span> <span class='ocrx_word' id='word_1_41' title='bbox 487 1161 640 1248; x_wconf 79' lang='lat' dir='ltr'><strong>angelos:</strong></span> <span class='ocrx_word' id='word_1_42' title='bbox 666 1160 735 1228; x_wconf 79' lang='lat' dir='ltr'><strong>»Ne</strong></span> <span class='ocrx_word' id='word_1_43' title='bbox 758 1161 871 1228; x_wconf 80' lang='lat' dir='ltr'><strong>timess</strong></span> <span class='ocrx_word' id='word_1_44' title='bbox 894 1161 1014 1242; x_wconf 54' lang='grc' dir='ltr'><strong>Μυίας</strong></span> 
     </span>
     <span class='ocr_line' id='line_1_9' title="bbox 253 1269 899 1356; baseline 0.002 -22"><span class='ocrx_word' id='word_1_45' title='bbox 253 1269 406 1335; x_wconf 86' lang='lat' dir='ltr'><strong>Invenisti</strong></span> <span class='ocrx_word' id='word_1_46' title='bbox 428 1269 569 1356; x_wconf 81' lang='lat' dir='ltr'><strong>grotiom</strong></span> <span class='ocrx_word' id='word_1_47' title='bbox 591 1269 690 1334; x_wconf 84' lang='lat' dir='ltr'><strong>odeo</strong></span> <span class='ocrx_word' id='word_1_48' title='bbox 713 1269 804 1356; x_wconf 81' lang='lat' dir='ltr'><strong>virgo</strong></span> <span class='ocrx_word' id='word_1_49' title='bbox 827 1270 899 1355; x_wconf 79' lang='lat' dir='ltr'><strong>pie:</strong></span> 
     </span>
     <span class='ocr_line' id='line_1_10' title="bbox 253 1375 935 1462; baseline -0.003 -20"><span class='ocrx_word' id='word_1_50' title='bbox 253 1377 334 1442; x_wconf 82' lang='lat' dir='ltr'><strong>Eooe</strong></span> <span class='ocrx_word' id='word_1_51' title='bbox 356 1381 393 1441; x_wconf 87' lang='lat' dir='ltr'><strong>tu</strong></span> <span class='ocrx_word' id='word_1_52' title='bbox 414 1375 572 1460; x_wconf 78' lang='lat' dir='ltr'><strong>concipies</strong></span> <span class='ocrx_word' id='word_1_53' title='bbox 594 1375 628 1439; x_wconf 91' lang='lat' dir='ltr'><strong>in</strong></span> <span class='ocrx_word' id='word_1_54' title='bbox 650 1379 761 1441; x_wconf 85' lang='lat' dir='ltr'>ventre</span> <span class='ocrx_word' id='word_1_55' title='bbox 782 1375 935 1462; x_wconf 78' lang='lat' dir='ltr'><strong>virginali</strong></span> 
     </span>
     <span class='ocr_line' id='line_1_11' title="bbox 174 1480 848 1566; baseline 0 -20"><span class='ocrx_word' id='word_1_56' title='bbox 174 1500 226 1538; x_wconf 68' lang='lat' dir='ltr'><strong>mo</strong></span> <span class='ocrx_word' id='word_1_57' title='bbox 253 1480 423 1566; x_wconf 80' lang='lat' dir='ltr'><strong>Poriesque</strong></span> <span class='ocrx_word' id='word_1_58' title='bbox 444 1481 548 1546; x_wconf 88' lang='lat' dir='ltr'><strong>filium</strong></span> <span class='ocrx_word' id='word_1_59' title='bbox 570 1480 688 1546; x_wconf 79' lang='lat' dir='ltr'><strong>virtute</strong></span> <span class='ocrx_word' id='word_1_60' title='bbox 710 1481 848 1566; x_wconf 78' lang='lat' dir='ltr'><strong>spiritali</strong></span> 
     </span>
     <span class='ocr_line' id='line_1_12' title="bbox 252 1585 1027 1673; baseline 0.003 -22"><span class='ocrx_word' id='word_1_61' title='bbox 252 1585 314 1651; x_wconf 83' lang='lat' dir='ltr'><strong>Hie</strong></span> <span class='ocrx_word' id='word_1_62' title='bbox 336 1607 472 1672; x_wconf 74' lang='lat' dir='ltr'><strong>magnus</strong></span> <span class='ocrx_word' id='word_1_63' title='bbox 495 1585 556 1650; x_wconf 88' lang='lat' dir='ltr'><strong>orit</strong></span> <span class='ocrx_word' id='word_1_64' title='bbox 578 1606 683 1650; x_wconf 80' lang='lat' dir='ltr'>eorem</span> <span class='ocrx_word' id='word_1_65' title='bbox 706 1586 774 1666; x_wconf 82' lang='lat' dir='ltr'><strong>deo,</strong></span> <span class='ocrx_word' id='word_1_66' title='bbox 798 1587 946 1673; x_wconf 84' lang='lat' dir='ltr'><strong>filiusque</strong></span> <span class='ocrx_word' id='word_1_67' title='bbox 968 1588 1027 1668; x_wconf 82' lang='lat' dir='ltr'><strong>dei,</strong></span> 
     </span>
     <span class='ocr_line' id='line_1_13' title="bbox 251 1689 1007 1775; baseline 0.001 -19"><span class='ocrx_word' id='word_1_68' title='bbox 251 1689 407 1775; x_wconf 84' lang='lat' dir='ltr'><strong>Jesusquo</strong></span> <span class='ocrx_word' id='word_1_69' title='bbox 427 1689 612 1767; x_wconf 82' lang='lat' dir='ltr'><strong>vooobitur3</strong></span> <span class='ocrx_word' id='word_1_70' title='bbox 635 1689 696 1754; x_wconf 88' lang='lat' dir='ltr'><strong>hoo</strong></span> <span class='ocrx_word' id='word_1_71' title='bbox 718 1712 831 1756; x_wconf 89' lang='lat' dir='ltr'><strong>nomen</strong></span> <span class='ocrx_word' id='word_1_72' title='bbox 855 1691 946 1757; x_wconf 83' lang='lat' dir='ltr'><strong>dabis</strong></span> <span class='ocrx_word' id='word_1_73' title='bbox 968 1692 1007 1757; x_wconf 88' lang='lat' dir='ltr'><strong>oi.</strong></span> 
     </span>
     <span class='ocr_line' id='line_1_14' title="bbox 252 1794 978 1880; baseline 0 -19"><span class='ocrx_word' id='word_1_74' title='bbox 252 1795 337 1861; x_wconf 90' lang='lat' dir='ltr'><strong>Deus</strong></span> <span class='ocrx_word' id='word_1_75' title='bbox 359 1795 408 1860; x_wconf 95' lang='lat' dir='ltr'><strong>illi</strong></span> <span class='ocrx_word' id='word_1_76' title='bbox 433 1795 533 1860; x_wconf 84' lang='lat' dir='ltr'><strong>Dovid</strong></span> <span class='ocrx_word' id='word_1_77' title='bbox 557 1794 657 1880; x_wconf 79' lang='lat' dir='ltr'><strong>patris</strong></span> <span class='ocrx_word' id='word_1_78' title='bbox 680 1797 730 1860; x_wconf 88' lang='lat' dir='ltr'><strong>sui</strong></span> <span class='ocrx_word' id='word_1_79' title='bbox 752 1797 855 1861; x_wconf 85' lang='lat' dir='ltr'>sedem</span> <span class='ocrx_word' id='word_1_80' title='bbox 879 1797 978 1877; x_wconf 79' lang='lat' dir='ltr'><strong>debit,</strong></span> 
     </span>
     <span class='ocr_line' id='line_1_15' title="bbox 252 1898 1021 1986; baseline -0.005 -20"><span class='ocrx_word' id='word_1_81' title='bbox 252 1898 288 1966; x_wconf 79' lang='lat' dir='ltr'><strong>ln</strong></span> <span class='ocrx_word' id='word_1_82' title='bbox 312 1903 455 1966; x_wconf 87' lang='lat' dir='ltr'>eternum</span> <span class='ocrx_word' id='word_1_83' title='bbox 479 1901 512 1964; x_wconf 89' lang='lat' dir='ltr'><strong>in</strong></span> <span class='ocrx_word' id='word_1_84' title='bbox 536 1898 637 1964; x_wconf 85' lang='lat' dir='ltr'><strong>Jooob</strong></span> <span class='ocrx_word' id='word_1_85' title='bbox 660 1899 816 1985; x_wconf 85' lang='lat' dir='ltr'><strong>domoque</strong></span> <span class='ocrx_word' id='word_1_86' title='bbox 838 1901 1021 1986; x_wconf 54' lang='lat' dir='ltr'><strong>regnabit&amp;</strong></span> 
     </span>
     <span class='ocr_line' id='line_1_16' title="bbox 174 2003 1084 2092; baseline -0.001 -20"><span class='ocrx_word' id='word_1_87' title='bbox 174 2025 225 2062; x_wconf 66' lang='grc' dir='ltr'><strong>τωο</strong></span> <span class='ocrx_word' id='word_1_88' title='bbox 251 2003 377 2092; x_wconf 81' lang='lat' dir='ltr'><strong>Angelo</strong></span> <span class='ocrx_word' id='word_1_89' title='bbox 399 2005 503 2070; x_wconf 81' lang='lat' dir='ltr'><strong>Morio</strong></span> <span class='ocrx_word' id='word_1_90' title='bbox 525 2005 622 2070; x_wconf 85' lang='lat' dir='ltr'><strong>dixit:</strong></span> <span class='ocrx_word' id='word_1_91' title='bbox 648 2004 737 2070; x_wconf 79' lang='lat' dir='ltr'><strong>›Hoo</strong></span> <span class='ocrx_word' id='word_1_92' title='bbox 758 2005 839 2070; x_wconf 89' lang='lat' dir='ltr'><strong>mihi</strong></span> <span class='ocrx_word' id='word_1_93' title='bbox 862 2028 958 2071; x_wconf 81' lang='lat' dir='ltr'><strong>norro</strong></span> <span class='ocrx_word' id='word_1_94' title='bbox 980 2027 1084 2091; x_wconf 81' lang='lat' dir='ltr'><strong>poseo,</strong></span> 
     </span>
     <span class='ocr_line' id='line_1_17' title="bbox 252 2109 1196 2198; baseline 0 -22"><span class='ocrx_word' id='word_1_95' title='bbox 252 2109 415 2188; x_wconf 82' lang='lat' dir='ltr'><strong>Quomodo</strong></span> <span class='ocrx_word' id='word_1_96' title='bbox 438 2110 518 2176; x_wconf 91' lang='lat' dir='ltr'><strong>mihi</strong></span> <span class='ocrx_word' id='word_1_97' title='bbox 540 2111 596 2176; x_wconf 87' lang='lat' dir='ltr'><strong>fiet</strong></span> <span class='ocrx_word' id='word_1_98' title='bbox 616 2110 687 2190; x_wconf 89' lang='lat' dir='ltr'><strong>hoo,</strong></span> <span class='ocrx_word' id='word_1_99' title='bbox 710 2133 783 2176; x_wconf 80' lang='lat' dir='ltr'><strong>nom</strong></span> <span class='ocrx_word' id='word_1_100' title='bbox 808 2111 912 2176; x_wconf 82' lang='lat' dir='ltr'><strong>virum</strong></span> <span class='ocrx_word' id='word_1_101' title='bbox 935 2133 999 2176; x_wconf 88' lang='lat' dir='ltr'><strong>non</strong></span> <span class='ocrx_word' id='word_1_102' title='bbox 1021 2133 1196 2198; x_wconf 81' lang='lat' dir='ltr'><strong>eognos003</strong></span> 
     </span>
     <span class='ocr_line' id='line_1_18' title="bbox 251 2203 1227 2301; baseline -0.001 -19"><span class='ocrx_word' id='word_1_103' title='bbox 251 2215 364 2301; x_wconf 83' lang='lat' dir='ltr'>Neque</span> <span class='ocrx_word' id='word_1_104' title='bbox 386 2215 554 2301; x_wconf 73' lang='lat' dir='ltr'><strong>cognitura</strong></span> <span class='ocrx_word' id='word_1_105' title='bbox 575 2236 645 2280; x_wconf 86' lang='lat' dir='ltr'><strong>sum</strong></span> <span class='ocrx_word' id='word_1_106' title='bbox 668 2237 741 2280; x_wconf 87' lang='lat' dir='ltr'><strong>nom</strong></span> <span class='ocrx_word' id='word_1_107' title='bbox 765 2215 984 2301; x_wconf 81' lang='lat' dir='ltr'><strong>virginitotem</strong></span> <span class='ocrx_word' id='word_1_108' title='bbox 1225 2203 1227 2210; x_wconf 56' lang='grc'><em>’</em></span> 
     </span>
     <span class='ocr_line' id='line_1_19' title="bbox 252 2319 993 2407; baseline -0.001 -20"><span class='ocrx_word' id='word_1_109' title='bbox 252 2319 319 2387; x_wconf 89' lang='lat' dir='ltr'><strong>Deo</strong></span> <span class='ocrx_word' id='word_1_110' title='bbox 342 2343 459 2387; x_wconf 88' lang='lat' dir='ltr'><strong>vovens</strong></span> <span class='ocrx_word' id='word_1_111' title='bbox 482 2321 595 2400; x_wconf 82' lang='lat' dir='ltr'><strong>obtuli,</strong></span> <span class='ocrx_word' id='word_1_112' title='bbox 619 2343 783 2407; x_wconf 75' lang='lat' dir='ltr'>meamque</span> <span class='ocrx_word' id='word_1_113' title='bbox 805 2321 993 2386; x_wconf 81' lang='lat' dir='ltr'><strong>oastitotem.</strong></span> 
     </span>
     <span class='ocr_line' id='line_1_20' title="bbox 251 2425 1088 2511; baseline -0.004 -18"><span class='ocrx_word' id='word_1_114' title='bbox 251 2427 312 2504; x_wconf 79' lang='lat' dir='ltr'><strong>Qui</strong></span> <span class='ocrx_word' id='word_1_115' title='bbox 334 2427 397 2493; x_wconf 79' lang='lat' dir='ltr'><strong>eit:</strong></span> <span class='ocrx_word' id='word_1_116' title='bbox 423 2425 576 2492; x_wconf 74' lang='lat' dir='ltr'><strong>»Sanetus</strong></span> <span class='ocrx_word' id='word_1_117' title='bbox 598 2426 729 2510; x_wconf 88' lang='lat' dir='ltr'><strong>spiritus</strong></span> <span class='ocrx_word' id='word_1_118' title='bbox 752 2430 900 2511; x_wconf 85' lang='lat' dir='ltr'><strong>superte</strong></span> <span class='ocrx_word' id='word_1_119' title='bbox 923 2425 1088 2492; x_wconf 75' lang='lat' dir='ltr'>descendet</span> 
     </span>
     <span class='ocr_line' id='line_1_21' title="bbox 175 2529 1067 2618; baseline 0 -22"><span class='ocrx_word' id='word_1_120' title='bbox 175 2551 224 2590; x_wconf 66' lang='grc' dir='ltr'><strong>ιω</strong></span> <span class='ocrx_word' id='word_1_121' title='bbox 250 2531 356 2618; x_wconf 78' lang='lat' dir='ltr'>Teque</span> <span class='ocrx_word' id='word_1_122' title='bbox 378 2533 480 2596; x_wconf 84' lang='lat' dir='ltr'><strong>virtus</strong></span> <span class='ocrx_word' id='word_1_123' title='bbox 502 2531 649 2596; x_wconf 75' lang='lat' dir='ltr'><strong>altissimi</strong></span> <span class='ocrx_word' id='word_1_124' title='bbox 672 2531 835 2596; x_wconf 88' lang='lat' dir='ltr'><strong>umbrobit</strong></span> <span class='ocrx_word' id='word_1_125' title='bbox 857 2535 889 2596; x_wconf 91' lang='lat' dir='ltr'><strong>et</strong></span> <span class='ocrx_word' id='word_1_126' title='bbox 911 2529 1067 2596; x_wconf 78' lang='lat' dir='ltr'>defendet.</span> 
     </span>
     <span class='ocr_line' id='line_1_22' title="bbox 250 2635 1027 2722; baseline 0 -20"><span class='ocrx_word' id='word_1_127' title='bbox 250 2635 395 2722; x_wconf 79' lang='lat' dir='ltr'>Ideoque,</span> <span class='ocrx_word' id='word_1_128' title='bbox 419 2637 628 2716; x_wconf 74' lang='lat' dir='ltr'><strong>sanctissime,</strong></span> <span class='ocrx_word' id='word_1_129' title='bbox 652 2641 780 2702; x_wconf 75' lang='lat' dir='ltr'><strong>sanetus</strong></span> <span class='ocrx_word' id='word_1_130' title='bbox 803 2638 858 2722; x_wconf 92' lang='lat' dir='ltr'><strong>qui</strong></span> <span class='ocrx_word' id='word_1_131' title='bbox 880 2639 1027 2702; x_wconf 77' lang='lat' dir='ltr'><strong>nssoetur</strong></span> 
     </span>
     <span class='ocr_line' id='line_1_23' title="bbox 251 2739 909 2825; baseline -0.002 -18"><span class='ocrx_word' id='word_1_132' title='bbox 251 2741 300 2807; x_wconf 78' lang='lat' dir='ltr'><strong>Ex</strong></span> <span class='ocrx_word' id='word_1_133' title='bbox 324 2745 355 2806; x_wconf 79' lang='lat' dir='ltr'><strong>te</strong></span> <span class='ocrx_word' id='word_1_134' title='bbox 377 2741 477 2825; x_wconf 82' lang='lat' dir='ltr'><strong>petris</strong></span> <span class='ocrx_word' id='word_1_135' title='bbox 502 2740 650 2806; x_wconf 75' lang='lat' dir='ltr'><strong>altissimi</strong></span> <span class='ocrx_word' id='word_1_136' title='bbox 672 2739 756 2806; x_wconf 85' lang='lat' dir='ltr'><strong>filius</strong></span> <span class='ocrx_word' id='word_1_137' title='bbox 779 2741 909 2806; x_wconf 77' lang='lat' dir='ltr'><strong>dicetur.</strong></span> 
     </span>
     <span class='ocr_line' id='line_1_24' title="bbox 250 2844 943 2912; baseline -0.001 0"><span class='ocrx_word' id='word_1_138' title='bbox 250 2845 330 2912; x_wconf 71' lang='lat' dir='ltr'><strong>scos</strong></span> <span class='ocrx_word' id='word_1_139' title='bbox 352 2869 436 2912; x_wconf 83' lang='lat' dir='ltr'><strong>nuno</strong></span> <span class='ocrx_word' id='word_1_140' title='bbox 458 2844 625 2912; x_wconf 75' lang='lat' dir='ltr'><strong>Elisabeth</strong></span> <span class='ocrx_word' id='word_1_141' title='bbox 647 2845 682 2910; x_wconf 89' lang='lat' dir='ltr'><strong>in</strong></span> <span class='ocrx_word' id='word_1_142' title='bbox 704 2867 762 2910; x_wconf 86' lang='lat' dir='ltr'><strong>suo</strong></span> <span class='ocrx_word' id='word_1_143' title='bbox 783 2849 943 2912; x_wconf 82' lang='lat' dir='ltr'><strong>senectute</strong></span> 
     </span>
     <span class='ocr_line' id='line_1_25' title="bbox 251 2951 918 3037; baseline -0.001 -20"><span class='ocrx_word' id='word_1_144' title='bbox 251 2951 395 3037; x_wconf 79' lang='lat' dir='ltr'><strong>Cognata</strong></span> <span class='ocrx_word' id='word_1_145' title='bbox 417 2955 473 3016; x_wconf 82' lang='lat' dir='ltr'><strong>tuo</strong></span> <span class='ocrx_word' id='word_1_146' title='bbox 495 2952 637 3036; x_wconf 85' lang='lat' dir='ltr'><strong>oonoepit</strong></span> <span class='ocrx_word' id='word_1_147' title='bbox 659 2951 708 3016; x_wconf 86' lang='lat' dir='ltr'><strong>dei</strong></span> <span class='ocrx_word' id='word_1_148' title='bbox 731 2951 769 3016; x_wconf 87' lang='lat' dir='ltr'><strong>de</strong></span> <span class='ocrx_word' id='word_1_149' title='bbox 790 2952 918 3030; x_wconf 83' lang='lat' dir='ltr'><strong>virtuts,</strong></span> 
     </span>
     <span class='ocr_line' id='line_1_26' title="bbox 181 3055 863 3142; baseline 0.019 -33"><span class='ocrx_word' id='word_1_150' title='bbox 181 3075 228 3113; x_wconf 76' lang='lat' dir='ltr'><strong>oo</strong></span> <span class='ocrx_word' id='word_1_151' title='bbox 254 3055 423 3142; x_wconf 83' lang='lat' dir='ltr'><strong>Parielque</strong></span> <span class='ocrx_word' id='word_1_152' title='bbox 445 3057 556 3136; x_wconf 82' lang='lat' dir='ltr'><strong>filium,</strong></span> <span class='ocrx_word' id='word_1_153' title='bbox 580 3057 655 3142; x_wconf 80' lang='lat' dir='ltr'><strong>quie</strong></span> <span class='ocrx_word' id='word_1_154' title='bbox 677 3077 783 3122; x_wconf 81' lang='lat' dir='ltr'>eorem</span> <span class='ocrx_word' id='word_1_155' title='bbox 805 3057 863 3122; x_wconf 88' lang='lat' dir='ltr'><strong>deo</strong></span> 
     </span>
     <span class='ocr_line' id='line_1_27' title="bbox 252 3160 1033 3248; baseline 0 -22"><span class='ocrx_word' id='word_1_156' title='bbox 252 3160 311 3226; x_wconf 80' lang='lat' dir='ltr'><strong>Flet</strong></span> <span class='ocrx_word' id='word_1_157' title='bbox 332 3161 415 3226; x_wconf 89' lang='lat' dir='ltr'><strong>nihil</strong></span> <span class='ocrx_word' id='word_1_158' title='bbox 436 3161 632 3246; x_wconf 84' lang='lat' dir='ltr'><strong>impossibile</strong></span> <span class='ocrx_word' id='word_1_159' title='bbox 654 3161 731 3246; x_wconf 89' lang='lat' dir='ltr'><strong>quin</strong></span> <span class='ocrx_word' id='word_1_160' title='bbox 754 3183 846 3248; x_wconf 87' lang='lat' dir='ltr'><strong>posse</strong></span> <span class='ocrx_word' id='word_1_161' title='bbox 866 3163 909 3227; x_wconf 91' lang='lat' dir='ltr'><strong>sit</strong></span> <span class='ocrx_word' id='word_1_162' title='bbox 930 3162 964 3226; x_wconf 91' lang='lat' dir='ltr'><strong>in</strong></span> <span class='ocrx_word' id='word_1_163' title='bbox 987 3185 1033 3227; x_wconf 87' lang='lat' dir='ltr'><strong>eo.</strong></span> 
     </span>
     <span class='ocr_line' id='line_1_28' title="bbox 251 3260 971 3353; baseline 0 -23"><span class='ocrx_word' id='word_1_164' title='bbox 251 3260 340 3331; x_wconf 79' lang='lat' dir='ltr'>Tunc</span> <span class='ocrx_word' id='word_1_165' title='bbox 363 3267 526 3351; x_wconf 86' lang='lat' dir='ltr'><strong>respondit</strong></span> <span class='ocrx_word' id='word_1_166' title='bbox 548 3267 661 3353; x_wconf 80' lang='lat' dir='ltr'><strong>angelo</strong></span> <span class='ocrx_word' id='word_1_167' title='bbox 685 3267 777 3352; x_wconf 76' lang='lat' dir='ltr'><strong>virgo</strong></span> <span class='ocrx_word' id='word_1_168' title='bbox 800 3267 875 3333; x_wconf 84' lang='lat' dir='ltr'><strong>felix</strong></span> <span class='ocrx_word' id='word_1_169' title='bbox 897 3267 971 3331; x_wconf 84' lang='lat' dir='ltr'><strong>ille:</strong></span> 
     </span>
     <span class='ocr_line' id='line_1_29' title="bbox 254 3369 1183 3454; baseline 0.002 -23"><span class='ocrx_word' id='word_1_170' title='bbox 254 3369 346 3436; x_wconf 75' lang='lat' dir='ltr'><strong>»list</strong></span> <span class='ocrx_word' id='word_1_171' title='bbox 367 3371 402 3436; x_wconf 87' lang='lat' dir='ltr'><strong>in</strong></span> <span class='ocrx_word' id='word_1_172' title='bbox 425 3393 475 3437; x_wconf 87' lang='lat' dir='ltr'><strong>ms</strong></span> <span class='ocrx_word' id='word_1_173' title='bbox 497 3371 628 3438; x_wconf 82' lang='lat' dir='ltr'>verbum</span> <span class='ocrx_word' id='word_1_174' title='bbox 650 3377 751 3454; x_wconf 84' lang='lat' dir='ltr'><strong>tuum,</strong></span> <span class='ocrx_word' id='word_1_175' title='bbox 776 3395 850 3438; x_wconf 82' lang='lat' dir='ltr'><strong>nom</strong></span> <span class='ocrx_word' id='word_1_176' title='bbox 872 3373 922 3438; x_wconf 87' lang='lat' dir='ltr'><strong>dei</strong></span> <span class='ocrx_word' id='word_1_177' title='bbox 944 3395 1015 3438; x_wconf 89' lang='lat' dir='ltr'><strong>sum</strong></span> <span class='ocrx_word' id='word_1_178' title='bbox 1037 3371 1183 3449; x_wconf 57' lang='lat' dir='ltr'><strong>ancillo«</strong></span> 
     </span>
    </p>
   </div>
   <div class='ocr_carea' id='block_1_3' title="bbox 135 3682 1211 3786">
    <p class='ocr_par' dir='ltr' id='par_1_3' title="bbox 135 3682 1211 3786">
     <span class='ocr_line' id='line_1_30' title="bbox 135 3682 1211 3786; baseline 0.005 -29"><span class='ocrx_word' id='word_1_179' title='bbox 135 3682 226 3768; x_wconf 85' lang='lat' dir='ltr'><strong>Quod</strong></span> <span class='ocrx_word' id='word_1_180' title='bbox 253 3689 351 3763; x_wconf 89' lang='lat' dir='ltr'><strong>lilius</strong></span> <span class='ocrx_word' id='word_1_181' title='bbox 378 3689 437 3762; x_wconf 85' lang='lat' dir='ltr'><strong>dei</strong></span> <span class='ocrx_word' id='word_1_182' title='bbox 466 3691 628 3762; x_wconf 83' lang='lat' dir='ltr'><strong>intravit</strong></span> <span class='ocrx_word' id='word_1_183' title='bbox 653 3691 692 3762; x_wconf 89' lang='lat' dir='ltr'><strong>in</strong></span> <span class='ocrx_word' id='word_1_184' title='bbox 721 3695 871 3764; x_wconf 87' lang='lat' dir='ltr'><strong>uterum</strong></span> <span class='ocrx_word' id='word_1_185' title='bbox 901 3692 1054 3786; x_wconf 83' lang='lat' dir='ltr'><strong>virginis</strong></span> <span class='ocrx_word' id='word_1_186' title='bbox 1081 3691 1211 3764; x_wconf 85' lang='lat' dir='ltr'>Merie.</span> 
     </span>
    </p>
   </div>
   <div class='ocr_carea' id='block_1_4' title="bbox 182 3893 1085 4515">
    <p class='ocr_par' dir='ltr' id='par_1_4' title="bbox 250 3893 969 3963">
     <span class='ocr_line' id='line_1_31' title="bbox 250 3893 969 3963; baseline 0.004 -3"><span class='ocrx_word' id='word_1_187' title='bbox 250 3893 300 3960; x_wconf 80' lang='lat' dir='ltr'><strong>Ad</strong></span> <span class='ocrx_word' id='word_1_188' title='bbox 323 3895 383 3960; x_wconf 89' lang='lat' dir='ltr'><strong>hoo</strong></span> <span class='ocrx_word' id='word_1_189' title='bbox 406 3893 537 3960; x_wconf 82' lang='lat' dir='ltr'>verbum</span> <span class='ocrx_word' id='word_1_190' title='bbox 559 3895 644 3961; x_wconf 86' lang='lat' dir='ltr'><strong>filius</strong></span> <span class='ocrx_word' id='word_1_191' title='bbox 666 3896 716 3962; x_wconf 87' lang='lat' dir='ltr'><strong>dei</strong></span> <span class='ocrx_word' id='word_1_192' title='bbox 739 3919 812 3961; x_wconf 88' lang='lat' dir='ltr'><strong>mox</strong></span> <span class='ocrx_word' id='word_1_193' title='bbox 835 3896 969 3963; x_wconf 81' lang='lat' dir='ltr'><strong>introvit</strong></span> 
     </span>
    </p>

    <p class='ocr_par' dir='ltr' id='par_1_5' title="bbox 182 3997 1085 4515">
     <span class='ocr_line' id='line_1_32' title="bbox 182 3997 937 4085; baseline 0.007 -22"><span class='ocrx_word' id='word_1_194' title='bbox 182 4015 227 4054; x_wconf 65' lang='grc' dir='ltr'><strong>ιω</strong></span> <span class='ocrx_word' id='word_1_195' title='bbox 251 3997 287 4064; x_wconf 89' lang='lat' dir='ltr'><strong>ln</strong></span> <span class='ocrx_word' id='word_1_196' title='bbox 310 3999 410 4085; x_wconf 87' lang='lat' dir='ltr'><strong>ipsius</strong></span> <span class='ocrx_word' id='word_1_197' title='bbox 432 4005 566 4078; x_wconf 74' lang='lat' dir='ltr'><strong>uterum,</strong></span> <span class='ocrx_word' id='word_1_198' title='bbox 590 4024 623 4066; x_wconf 87' lang='lat' dir='ltr'><strong>se</strong></span> <span class='ocrx_word' id='word_1_199' title='bbox 646 4002 721 4068; x_wconf 85' lang='lat' dir='ltr'><strong>deus</strong></span> <span class='ocrx_word' id='word_1_200' title='bbox 743 4003 937 4082; x_wconf 79' lang='lat' dir='ltr'><strong>incarnavit3</strong></span> 
     </span>
     <span class='ocr_line' id='line_1_33' title="bbox 253 4103 1005 4194; baseline 0.009 -25"><span class='ocrx_word' id='word_1_201' title='bbox 253 4103 367 4170; x_wconf 75' lang='lat' dir='ltr'><strong>Statim</strong></span> <span class='ocrx_word' id='word_1_202' title='bbox 390 4107 427 4170; x_wconf 87' lang='lat' dir='ltr'><strong>ut</strong></span> <span class='ocrx_word' id='word_1_203' title='bbox 447 4106 608 4194; x_wconf 63' lang='lat' dir='ltr'><strong>iogsessus</strong></span> <span class='ocrx_word' id='word_1_204' title='bbox 632 4112 680 4172; x_wconf 87' lang='lat' dir='ltr'><strong>est</strong></span> <span class='ocrx_word' id='word_1_205' title='bbox 701 4113 828 4174; x_wconf 80' lang='lat' dir='ltr'><strong>utemm</strong></span> <span class='ocrx_word' id='word_1_206' title='bbox 849 4109 1005 4176; x_wconf 80' lang='lat' dir='ltr'><strong>intectum</strong></span> 
     </span>
     <span class='ocr_line' id='line_1_34' title="bbox 253 4199 1085 4298; baseline 0.008 -24"><span class='ocrx_word' id='word_1_207' title='bbox 253 4208 343 4275; x_wconf 81' lang='lat' dir='ltr'><strong>Ceste</strong></span> <span class='ocrx_word' id='word_1_208' title='bbox 365 4209 467 4276; x_wconf 79' lang='lat' dir='ltr'><strong>Morio</strong></span> <span class='ocrx_word' id='word_1_209' title='bbox 489 4199 623 4298; x_wconf 81' lang='lat' dir='ltr'><strong>virginis</strong></span> <span class='ocrx_word' id='word_1_210' title='bbox 645 4213 683 4278; x_wconf 90' lang='lat' dir='ltr'><strong>fit</strong></span> <span class='ocrx_word' id='word_1_211' title='bbox 707 4213 836 4280; x_wconf 88' lang='lat' dir='ltr'>verbum</span> <span class='ocrx_word' id='word_1_212' title='bbox 858 4237 931 4281; x_wconf 84' lang='lat' dir='ltr'><strong>ooro</strong></span> <span class='ocrx_word' id='word_1_213' title='bbox 955 4215 1085 4282; x_wconf 77' lang='lat' dir='ltr'><strong>fectum.</strong></span> 
     </span>
     <span class='ocr_line' id='line_1_35' title="bbox 253 4313 1068 4402; baseline 0.012 -24"><span class='ocrx_word' id='word_1_214' title='bbox 253 4313 356 4398; x_wconf 83' lang='lat' dir='ltr'><strong>lpsom</strong></span> <span class='ocrx_word' id='word_1_215' title='bbox 379 4323 506 4383; x_wconf 75' lang='lat' dir='ltr'><strong>sanetus</strong></span> <span class='ocrx_word' id='word_1_216' title='bbox 528 4319 659 4402; x_wconf 89' lang='lat' dir='ltr'><strong>spiritus</strong></span> <span class='ocrx_word' id='word_1_217' title='bbox 682 4321 871 4388; x_wconf 80' lang='lat' dir='ltr'><strong>descendens</strong></span> <span class='ocrx_word' id='word_1_218' title='bbox 894 4321 1068 4388; x_wconf 79' lang='lat' dir='ltr'><strong>illustravit</strong></span> 
     </span>
     <span class='ocr_line' id='line_1_36' title="bbox 257 4417 857 4515; baseline 0.012 -29"><span class='ocrx_word' id='word_1_219' title='bbox 257 4417 448 4488; x_wconf 84' lang='lat' dir='ltr'><strong>Mensionem</strong></span> <span class='ocrx_word' id='word_1_220' title='bbox 469 4422 503 4489; x_wconf 88' lang='lat' dir='ltr'><strong>in</strong></span> <span class='ocrx_word' id='word_1_221' title='bbox 526 4445 564 4490; x_wconf 83' lang='lat' dir='ltr'><strong>se</strong></span> <span class='ocrx_word' id='word_1_222' title='bbox 585 4425 643 4490; x_wconf 89' lang='lat' dir='ltr'><strong>dso</strong></span> <span class='ocrx_word' id='word_1_223' title='bbox 666 4427 857 4515; x_wconf 78' lang='lat' dir='ltr'><strong>preparavit.</strong></span> 
     </span>
    </p>
   </div>
   <div class='ocr_carea' id='block_1_5' title="bbox 0 0 1502 4924">
    <p class='ocr_par' dir='ltr' id='par_1_6' title="bbox 0 0 1502 4924">
     <span class='ocr_line' id='line_1_37' title="bbox 0 0 1502 4924; baseline 0 3"><span class='ocrx_word' id='word_1_224' title='bbox 0 0 1502 4924; x_wconf 95' lang='lat' dir='ltr'><strong> </strong></span> 
     </span>
    </p>
   </div>
  </div>
 </body>
</html>
