2996 4924
660 355 702 421 63

263 528 342 594 Cum
365 530 422 595 deo
444 530 495 595 vel
517 552 588 595 cum
612 529 735 614 angelis
758 529 791 593 in
814 528 1032 594 collocutione.

261 633 313 699 Ab
336 635 451 720 angelo
474 633 605 700 cottidie
628 634 734 700 cibum
756 633 909 718 capiebat,

260 739 361 816 Quem
383 762 506 825 semper
528 741 562 806 in
584 739 714 806 meridie
736 739 799 804 sibi
820 739 990 806 deferebat.

183 864 235 901 mo
262 843 330 910 Nos
352 845 479 925 scimus,
502 847 578 930 quia
601 845 719 910 munda
741 849 790 910 est
811 849 844 911 et
865 845 1078 930 immaculata,

262 947 448 1035 Pudoreque
471 949 615 1034 virgineo
638 948 718 1015 benc
740 953 955 1017 conservata«

262 1052 323 1120 Sed
345 1053 449 1120 Maria
471 1054 635 1120 dominum
658 1055 770 1120 devote
793 1055 987 1139 deprecatur,

260 1157 307 1225 Ut
329 1159 517 1226 sacramenti
540 1160 657 1226 veritas
679 1158 800 1245 Joseph
822 1160 1016 1225 ostendatur.

154 1473 258 1560 Quod
285 1474 309 1548 J
314 1475 427 1572 oseph
455 1475 605 1549 volebat
633 1477 777 1550 occulto
806 1477 997 1550 dimittere
1025 1477 1194 1550 Mariam.

260 1681 374 1748 Adhuc
395 1684 434 1748 de
456 1681 542 1748 facto
566 1683 699 1768 virginis
721 1683 842 1770 Joseph
868 1687 1051 1753 vaccillante

181 1807 234 1845 ms
260 1787 305 1852 Et
326 1789 367 1852 ab
389 1809 427 1852 ea
448 1787 487 1852 de
508 1811 567 1854 sua
587 1787 665 1873 lugo
687 1790 858 1875 cogitante,

260 1893 405 1978 Angelus
429 1892 578 1976 apparuit
600 1893 654 1976 qui
678 1892 802 1958 dicebat
824 1894 870 1958 ei:

263 1996 403 2082 »Joseph
425 1995 473 2060 fili
495 1997 580 2082 regis
602 1995 705 2062 David
728 2003 824 2084 atque
847 2003 1008 2067 serve'dei

260 2101 395 2168 Mariam
418 2106 508 2166 tuam
529 2103 696 2188 coniugem
719 2108 755 2168 tu
777 2104 844 2170 noli
866 2106 994 2172 timere!

257 2207 374 2294 Accipe
397 2230 455 2293 pro
477 2208 562 2272 socia
583 2213 755 2294 sanctaque
777 2213 904 2290 tenere;
968 2259 969 2262 η

182 2335 233 2372 uso
260 2312 344 2380 lllud
366 2315 451 2380 enim
473 2314 557 2400 qnod
579 2315 614 2380 in
636 2337 673 2381 ea
696 2315 784 2382 vides
805 2337 872 2382 esse
895 2322 1016 2399 natum,

257 2419 327 2486 Hoc
349 2421 387 2485 de
409 2423 519 2485 sancto
542 2421 658 2504 spiritu
679 2421 759 2486 scias
783 2421 979 2488 inchoatum.

258 2525 343 2591 Nam
365 2525 518 2609 concepit,
541 2525 758 2592 salvatamen
781 2549 839 2592 sua
861 2529 1055 2613 virginitate,

258 2631 365 2698 Pariet
387 2630 540 2696 etlilium
562 2631 691 2716 plenum
713 2631 839 2717 deitate.

257 2735 320 2802 Hic
342 2741 391 2802 est
412 2735 462 2801 dei
485 2735 569 2801 lilius
592 2736 648 2820 qui
670 2735 768 2802 lsrael
791 2737 938 2818 salvabit,

182 2859 233 2898 ιω
258 2841 303 2906 Et
324 2863 344 2906 a
366 2841 501 2926 peccatis
524 2839 668 2906 homines
690 2842 758 2926 ipse
780 2841 939 2908 liberabit.

256 2945 412 3032 Jesusqus
435 2946 601 3012 vocabitur
622 2969 698 3031 puer
720 2969 792 3012 curn
815 2953 971 3028 nascetur,

255 3050 339 3116 Illud
361 3073 476 3116 nomen
499 3053 662 3136 proprium
685 3075 705 3116 a
728 3057 759 3117 te
781 3053 843 3118 sibi
865 3053 966 3118 detur.

257 3157 309 3222 Ad
331 3156 392 3220 boc
413 3155 511 3242 elegit
533 3161 566 3220 te
588 3156 673 3236 deus,
696 3161 733 3220 ut
754 3156 982 3222 incarnationis

237 3244 362 3346 ¹Ipsius
385 3261 562 3326 misterium
585 3285 640 3327 seu
664 3262 889 3346 redemptionis

183 3387 231 3425 noo
259 3367 398 3432 Humani
420 3365 481 3430 tibi
503 3367 628 3450 generis
651 3367 753 3451 primo
775 3368 939 3448 revelaret,

261 3471 364 3556 Atque
385 3492 476 3535 suam
498 3471 684 3555 genitricem
707 3471 767 3535 tibi
790 3473 1023 3537 commendaret
1036 3475 1063 3537 !‹

256 3573 376 3661 Joseph
399 3579 435 3639 ut
455 3577 606 3661 cognovit
628 3597 695 3642 rem
718 3599 824 3642 veram
847 3578 1036 3642 sacramenti

258 3679 423 3746 Revelavit
445 3679 598 3746 visionem
622 3681 740 3768 virgini
763 3683 895 3748 merent'

257 3785 367 3866 Maris,
390 3807 518 3871 rogans,
542 3793 578 3853 ut
600 3789 629 3852 ei
652 3789 814 3855 remittere
835 3789 984 3874 dignetur

185 3909 231 3946 uu
256 3888 419 3970 Iniuriam,
442 3893 525 3976 quod
548 3893 640 3958 facile
663 3895 841 3978 peripsam
863 3894 1035 3960 obtinetur.

257 3995 411 4080 Sponsam
434 4019 523 4062 suam
546 3996 682 4063 Mariam
704 3997 824 4084 Joseph
847 4003 924 4064 tuno
946 3999 1067 4084 accepit

256 4099 293 4164 In
315 4123 405 4166 suam
426 4124 535 4168 curam
556 4109 589 4169 et
612 4105 640 4169 ei
661 4103 825 4189 providere
846 4105 940 4188 cepit.

258 4203 376 4290 Joseph
398 4207 490 4292 virgo
513 4208 647 4293 virginis
669 4208 707 4272 fit
728 4213 835 4274 custos
856 4207 1023 4273 castitatis.

663 4353 680 4392 ιι

182 4427 245 4484 lova
261 4429 282 4484 G
301 4429 456 4488 Relevsvit.
