3060 4936
730 325 849 416 '202
950 327 956 342 ’

158 515 163 520 ²
242 526 338 604 fama,
362 526 395 590 in
420 524 627 614 multitudine
650 524 875 610 dispositarum
899 511 1116 610 personarum,
1140 525 1171 589 in
1190 526 1393 612 magnificen-

241 632 288 696 tia
310 634 560 709 structurarum,
592 635 626 695 et
656 631 690 694 in
714 633 888 716 augmento
912 631 1144 714 posscssionum
1168 653 1270 715 nsque
1292 631 1390 699 hodie.

243 737 292 801 Ad
314 736 399 801 latus
422 738 596 800 conventus
619 739 667 800 est
680 733 784 802 ,hodie
808 734 960 820 oppidum
982 735 1161 819 pulchrum,
1185 737 1348 801 munitum
1363 742 1392 802 et

243 843 443 928 populosum,
467 841 551 926 qnod
574 841 649 906 olim
673 845 743 905 erat
764 863 865 925 parva
886 840 972 916 villa,
996 862 1066 925 quae
1082 845 1155 926 post
1172 839 1392 908 fundationem

147 962 232 1041 geg-1·
245 947 428 1013 monasterii
452 947 517 1012 fuit
538 946 571 1010 in
595 946 749 1030 angulum
771 945 862 1010 illurn
886 949 1076 1024 constructa,
1102 949 1133 1009 et
1151 946 1279 1011 nomine
1296 946 1392 1013 fontis

210 1093 214 1100 ·
242 1055 327 1120 dicta
349 1053 542 1131 Btauburen,
567 1052 651 1136 quod
674 1052 773 1116 latine
795 1055 921 1116 tantum
946 1055 1039 1116 sonat
1055 1052 1146 1136 quasi
1166 1051 1238 1116 fons
1254 1052 1389 1118 coelastis

242 1161 366 1226 coloris.
412 1157 549 1224 Fontem
572 1157 669 1221 etiam
691 1156 794 1236 illum,
817 1156 969 1242 oppidum
994 1161 1026 1221 et
1048 1157 1279 1222 monasterium
1307 1157 1393 1223 inve·

242 1267 348 1331 nimus
370 1264 430 1329 sub
452 1263 582 1328 nornine
608 1261 759 1327 Burronis
782 1284 950 1347 expressa,
981 1262 1030 1325 ita
1062 1262 1145 1346 quod
1180 1263 1251 1327 fons
1282 1263 1396 1328 dicitur

242 1371 379 1450 Rumon,
404 1373 438 1434 et
460 1367 687 1433 monasterium
703 1367 820 1432 dicitur
846 1367 947 1430 sancti
963 1365 1098 1432 Joannis
1122 1369 1212 1432 iuxta
1229 1367 1397 1446 Buronem

243 1480 276 1542 et
298 1475 450 1560 oppidum
473 1470 628 1538 similiter.
676 1471 747 1536 Hoc
770 1477 875 1536 autem
900 1494 1013 1536 nomen
1038 1472 1157 1537 Burron
1182 1473 1228 1538 sic
1251 1474 1397 1540 existimo

244 1581 318 1646 huic
340 1579 425 1646 fonti
448 1577 619 1643 advenisse.
658 1577 836 1662 antiquitus
860 1577 945 1642 enim
966 1576 1072 1642 fontes
1091 1565 1280 1643 dicebantur
1304 1579 1398 1645 theu·

244 1686 349 1751 tonica
372 1685 482 1762 burm,
506 1683 588 1747 sicut
612 1682 716 1746 adhuc
739 1682 834 1747 hodie
857 1685 887 1746 tn
906 1683 1031 1747 Alsatia
1046 1682 1254 1748 nominantur
1270 1683 1399 1765 barren,

244 1795 277 1855 ot
299 1811 363 1854 non
386 1789 542 1854 brunnen.
589 1785 687 1851 Facta
718 1791 766 1852 est
800 1791 906 1852 autem
937 1787 970 1853 in
993 1785 1109 1852 Suevia
1140 1786 1236 1852 huius
1259 1791 1398 1854 nominis

244 1896 380 1962 mutatio
396 1917 452 1980 per
467 1893 747 1977 transpositionem
771 1893 888 1958 litterae
905 1915 931 1970 r,
955 1896 986 1956 et
1009 1891 1154 1956 brunnen
1171 1892 1276 1958 fontes
1292 1895 1397 1959 nomi·

244 2000 315 2065 nari
338 2004 511 2084 emperant,
536 1997 597 2063 hoc
611 2003 718 2063 tamon
734 1998 971 2076 nonobstante,
996 1997 1163 2082 antiquum
1179 2019 1294 2063 nornen
1316 2000 1399 2064 fonti

244 2106 398 2172 remansit
421 2104 621 2182 Brauburen,
651 2107 684 2167 et
712 2103 786 2167 inde
818 2107 981 2188 sumptum
1012 2107 1060 2168 eat
1082 2125 1198 2168 nomen
1221 2103 1344 2169 burron
1366 2105 1399 2170 in

245 2212 379 2278 latinam
402 2209 657 2274 declinationem.
703 2206 803 2273 Porro
826 2208 940 2292 vulgus
964 2208 1118 2293 insipiens
1141 2206 1274 2274 au'diens
1295 2209 1401 2275 locum

165 2369 172 2390 ,
246 2317 308 2382 dici
331 2314 525 2390 Blauburen,
548 2313 746 2399 imaginatur
768 2335 846 2378 eum·
862 2313 908 2378 sic
930 2313 992 2378 dici
1015 2336 1034 2377 a
1057 2314 1182 2378 rusticis
1209 2314 1401 2380 decoloratis

245 2420 352 2486 blauio
376 2420 488 2484 colore.
512 2419 595 2483 unde
625 2439 708 2483 anno
731 2418 909 2504 preterito,
940 2441 1011 2484 curn
1043 2417 1239 2484 Fridericum
1266 2421 1398 2486 tertium

245 2526 341 2591 huius
371 2526 508 2590 nominis
541 2525 766 2610 imperatorem
797 2529 967 2610 rogarent,
1002 2528 1039 2589 ut
1072 2546 1181 2589 eorum
1214 2525 1333 2610 oppido
1368 2531 1400 2590 et

247 2630 469 2696 communitati
492 2629 620 2714 aliquod
643 2630 805 2714 singulare
828 2634 962 2695 stemma
991 2651 1054 2715 quo
1077 2652 1166 2694 arma
1188 2652 1247 2694 sua
1269 2631 1401 2716 consig-

245 2739 360 2800 narent
382 2735 481 2813 daret,
504 2735 716 2820 interrogavit
738 2735 776 2800 de
798 2736 926 2800 nomine
949 2734 1066 2819 oppidi,
1091 2739 1122 2800 et
1149 2735 1281 2800 audiens
1298 2735 1397 2801 Blan-

246 2841 356 2920 buren,
381 2839 467 2905 dedit
490 2839 535 2904 eis
551 2841 662 2906 rustici
687 2841 784 2905 blauii
799 2840 982 2927 imaginem,
1008 2863 1103 2925 quam
1120 2861 1221 2925 usque
1242 2863 1329 2906 nunc
1344 2863 1402 2926 pro

246 2944 437 3032 intersignio
460 2944 589 3010 habent.
636 2945 706 3010 Hoc
738 2945 889 3030 oppidum
917 2951 1059 3030 tempore
1081 2967 1271 3031 magnarum
1294 2947 1402 3030 pluvi·

246 3074 338 3117 arum
360 3054 426 3115 stat
448 3051 481 3114 in
504 3049 619 3134 grandi
642 3049 782 3134 periculo
806 3055 935 3134 propter
951 3050 1129 3116 decidentes
1159 3073 1259 3135 aquas
1275 3073 1295 3115 a
1309 3075 1402 3116 mon-

246 3157 341 3222 tibus.
389 3154 471 3219 unde
493 3154 531 3219 tit
560 3153 645 3238 quod
675 3154 893 3239 rapidissimus
923 3159 1047 3220 torrens
1077 3177 1133 3239 per
1161 3156 1300 3221 medium
1333 3157 1400 3222 eius

246 3262 385 3327 elabitur
400 3283 472 3326 cum
488 3260 589 3324 multo
605 3261 805 3324 nocumento.
852 3260 895 3325 Et
911 3263 1038 3325 tantam
1053 3260 1092 3326 de
1106 3260 1164 3326 illo
1179 3261 1223 3326 sit
1241 3261 1364 3328 dictum
1379 3262 1399 3327 ¹.

169 3544 229 3602 eom:
765 3531 830 3602 Cap.
852 3533 892 3586 12.

143 3593 248 3673 ner

142 3681 247 3718 ⁰¹¹³·111·
390 3671 470 3738 Via
493 3696 512 3737 a
534 3673 727 3738 Burrone
748 3673 791 3737 in
814 3627 1042 3758 Seilingen
1065 3677 1109 3740 et
1132 3672 1259 3740 Ulmss.

336 3866 502 3952 Sequendo
534 3889 590 3952 per
612 3867 796 3932 descensum
828 3889 954 3932 cursum
979 3867 1086 3933 Blauii
1109 3867 1249 3933 fluminis
1273 3869 1401 3934 venitur

248 3972 288 4038 ad
312 3973 422 4038 villam
443 3972 617 4051 (tarbuam,
640 3993 710 4057 quae
733 3973 825 4057 quasi
847 3973 930 4038 inter
953 3973 1031 4039 duas
1054 3995 1141 4039 arces
1164 3995 1259 4057 super
1281 3973 1400 4038 flumen

816 4081 835 4120 *

319 4163 333 4217 1
354 4162 460 4218 dictum
481 4163 518 4216 sit
535 4163 589 4218 etc.
609 4163 682 4220 Mon.
703 4165 725 4220 1.
763 4163 843 4219 Gold.
863 4165 903 4218 ut.
941 4163 1047 4219 dictum
1060 4165 1182 4219 sufficiat
1202 4163 1286 4218 Wibl.
1306 4162 1398 4218 Schm.

249 4249 297 4305 Bei
317 4250 407 4304 Schm.
427 4251 465 4305 ist
483 4267 530 4305 am
549 4251 636 4306 rauda
657 4250 882 4321 beigcschrieben
902 4266 969 4321 »pro
988 4252 1109 4307 sufficiat
1126 4253 1156 4306 in
1175 4251 1255 4307 Gotd.
1274 4254 1317 4306 ast
1335 4253 1398 4305 siu.

247 4337 411 4393 Wisderum
430 4338 482 4392 hat
494 4355 548 4391 nur
566 4339 639 4395 Mon.
661 4339 682 4395 1.
703 4339 857 4411 beigesetat
875 4343 927 4394 etc.
952 4404 959 4420 x
999 4338 1199 4410 2Sephlingen
1236 4341 1265 4395 et
1286 4337 1398 4395 Ulmum

249 4426 395 4482 ciuitatem
415 4427 488 4482 Mon.
510 4427 532 4482 1.
