3034 4922
779 354 841 424 leo

391 533 428 600 In
452 557 525 601 vase
547 533 661 613 stabat,
686 537 754 598 erat
776 533 861 598 enim
883 535 972 596 aoeto
992 554 1047 596 vas
1072 529 1237 616 repletum.

392 639 481 705 Tune
503 639 614 725 implet
637 659 719 703 unus
741 637 909 722 spongiam
932 641 1020 702 aceto
1043 637 1280 722 eircumponens

314 763 365 800 ⁶³1⁶
394 745 538 830 Ysopum
560 749 591 809 et
613 744 722 808 lancea
743 743 911 827 spongiam
934 742 1119 826 imponens;

391 849 442 913 Ad
466 872 501 914 os
523 848 600 915 Jesu
622 869 694 914 oum
715 849 803 911 aceto
826 845 994 932 spongiam
1016 846 1153 924 tenebat,

392 954 443 1019 Sic
466 959 588 1020 aestum
611 974 727 1038 sugens
749 949 842 1017 Jesur
865 953 904 1016 de
926 952 1060 1036 spongia
1082 952 1221 1032 bibebat,

390 1059 434 1124 Et
448 1060 545 1124 dixit:
571 1057 849 1124 ›Consummatum
866 1061 945 1135 est«,
967 1079 1038 1121 oum
1053 1060 1230 1141 sumpserat
1246 1061 1378 1137 acetum,

394 1164 460 1228 »De
485 1186 533 1228 me
555 1164 640 1248 quod
662 1163 816 1247 scriptum
838 1161 957 1242 fuerat,
989 1165 1092 1227 bobum
1114 1166 1162 1226 ost
1183 1162 1377 1246 impletum«

314 1289 366 1326 saro
393 1268 533 1334 Rursum
555 1267 647 1333 Jesus
670 1289 788 1354 magna
810 1289 884 1332 vooe
907 1266 1052 1332 clamitat
1073 1267 1114 1330 ad
1136 1267 1249 1332 deum:

395 1373 449 1438 »In
472 1395 585 1438 manus
607 1378 678 1438 tuas
701 1373 849 1457 spiritum
871 1370 1065 1450 commendo,
1088 1376 1187 1456 pater,
1211 1393 1346 1437 meum«

391 1479 436 1544 Et
456 1479 609 1543 inolinato
631 1480 734 1563 capite
756 1477 902 1561 spiritum
926 1477 1040 1556 emisit,

391 1587 450 1650 Sed
473 1586 572 1650 deitas
596 1607 652 1650 neo
675 1585 823 1664 animam,
848 1605 905 1650 neo
926 1605 1040 1668 corpus
1062 1587 1138 1646 tuno
1160 1581 1290 1662 dimisit,

392 1690 479 1754 Lioet
500 1712 613 1774 eorpus
636 1711 720 1754 mors
744 1693 857 1754 nature
879 1689 920 1752 ab
944 1687 1234 1771 animavdisjunxit,

316 1813 367 1850 ssa
395 1793 462 1858 Heo
484 1795 578 1858 ambo
601 1799 706 1858 tamen
731 1795 830 1858 deitas
853 1813 1017 1858 remanens
1039 1791 1220 1876 conjunxit3

392 1897 430 1962 In
453 1899 596 1982 sepulcro
619 1899 719 1962 deitas
742 1920 813 1962 oum
835 1920 965 1982 corpore
988 1897 1148 1978 remansit,

394 2002 445 2067 Ad
467 2003 627 2067 infernum
650 2004 758 2067 eadem
780 2025 852 2067 oum
874 2003 1042 2087 animaque
1064 2003 1196 2080 transit,

395 2107 446 2172 sie
469 2129 581 2192 corpus
603 2131 766 2193 nunquam
789 2109 892 2173 caruit
913 2109 1040 2173 deitatis
1063 2109 1137 2187 vita,

392 2213 435 2277 Et
459 2213 566 2278 vivens
588 2235 710 2298 semper
733 2215 838 2278 anima
859 2213 923 2277 fuit
943 2213 1004 2278 hac
1024 2213 1157 2278 munita.

239 2533 292 2606 De
318 2533 470 2628 planetu
491 2533 609 2608 Maris
628 2533 783 2629 virginis
809 2555 893 2607 eum
914 2532 1007 2606 vidit
1033 2531 1150 2604 filium
1180 2531 1378 2626 expirasse.

315 2761 366 2798 seso
393 2741 496 2805 Maria
517 2745 618 2807 mater
640 2742 742 2806 filium
764 2765 834 2808 cum
859 2743 939 2806 vidit
961 2742 1128 2826 expirasse,

390 2845 624 2931 lpsumquoque
645 2848 835 2912 moriturum
858 2847 980 2912 audivit
1003 2847 1047 2912 sio
1070 2849 1230 2926 clamasse,

392 2950 431 3016 In
453 2951 560 3016 dolore
582 2955 673 3016 tanto
696 2953 798 3017 cordis
820 2951 910 3016 stetit
933 2953 1115 3038 adgravata,

392 3055 566 3141 'dantisque
589 3057 723 3121 miseriis
746 3056 810 3121 fuit
833 3061 972 3137 onerata,

391 3159 482 3236 Quod
505 3161 615 3246 nequit
636 3161 696 3226 hoo
719 3160 759 3225 ab
781 3161 910 3226 bomine
932 3183 1091 3246 quoquam
1113 3161 1263 3240 estimaii,
1307 3191 1315 3206 ·

320 3283 371 3320 ⁵³³⁶
398 3263 465 3330 Neo
487 3266 527 3330 ab
549 3265 616 3330 ullo
638 3266 730 3331 corde
753 3270 858 3350 potest
879 3266 959 3331 illud
981 3266 1125 3351 eogitari,

391 3368 452 3434 Sed
474 3370 596 3435 adverti
617 3372 745 3454 poterit,
768 3375 923 3456 quantum
944 3371 1015 3456 quis
1038 3371 1167 3450 doleret,

393 3472 427 3538 Si
450 3497 542 3539 auum
564 3477 764 3559 unigenitum
787 3498 893 3540 eoram
915 3499 948 3542 se
970 3477 1091 3542 videret

392 3578 470 3642 Cum
494 3581 661 3645 tormentis
685 3580 779 3645 variis
802 3584 869 3644 tam
891 3581 958 3646 dira
980 3581 1124 3661 eruciari,

393 3681 453 3745 Per
475 3682 535 3746 hoo
557 3684 646 3748 dolor
670 3685 802 3771 virginis
825 3690 930 3768 potest
951 3685 1101 3751 estimari.

313 3805 364 3841 seeo
392 3785 461 3850 Hoc
482 3791 588 3852 tamen
611 3811 674 3853 non
698 3793 746 3854 est
767 3789 870 3854 simile
893 3790 1026 3875 virginis
1049 3791 1161 3870 dolori,

390 3891 489 3966 Quem
513 3892 650 3957 habebat
672 3894 774 3958 filium
797 3916 868 3958 eum
890 3917 982 3960 suum
1006 3896 1086 3960 vidit
1108 3897 1207 3972 mori;

390 3993 464 4058 Non
487 3995 590 4060 solum
612 3997 673 4062 sibi
696 3999 781 4063 filius
803 4000 874 4078 fuit,
898 4001 952 4064 sed
975 4005 1006 4064 et
1029 4005 1129 4084 pater,

391 4099 434 4162 Et
457 4121 511 4163 sue
534 4123 667 4183 sponsus
690 4104 803 4182 anime,
827 4104 973 4170 dominus
996 4109 1029 4168 et
1050 4105 1158 4185 frater,

391 4205 437 4267 Ao
460 4205 603 4287 provisor
628 4209 694 4271 eius
717 4213 794 4288 erat,
819 4214 914 4293 amne
936 4216 1132 4294 procurator,

312 4327 363 4365 ⁵³⁴⁶
390 4308 528 4394 Viteque
550 4311 725 4378 subsidium
748 4319 780 4380 et
802 4314 872 4398 pius
895 4315 1090 4395 consolabor,

389 4412 468 4480 Eius
490 4416 673 4502 pedagogus
697 4423 766 4482 erat
788 4423 820 4482 et
842 4419 1022 4502 auxiliator,
