3034 4922
791 355 855 420 226

404 530 517 608 Erant,
540 551 642 613 neque
664 528 811 608 colorato,
835 551 937 614 neque
960 530 1090 595 curiose.

405 633 534 718 Semper
556 637 662 698 autem
684 633 825 697 vestibus
847 633 898 698 his
920 635 1111 698 induebatur

329 759 381 798 θοοῦ
408 739 546 806 Camisia
567 761 638 803 cum
661 738 777 816 tunica,
801 761 958 823 supraque
979 739 1148 824 tegebatur

403 845 566 931 Religioso
588 843 695 928 pallio,
719 843 839 928 proprii
862 843 987 922 coloris,

404 949 493 1014 Sicut
516 952 585 1014 erat
605 947 732 1012 feminis
755 947 864 1012 diebus
887 947 952 1011 illis
973 949 1081 1012 moris.

402 1056 567 1140 Erantque
590 1052 794 1118 mundissime
816 1053 896 1118 bene
917 1053 1130 1131 condecentes,

404 1158 493 1224 Sicut
514 1181 584 1224 eam
607 1159 720 1237 decuit,
744 1159 894 1223 scissuras
916 1180 981 1222 non
1003 1157 1173 1234 habentes;

323 1283 375 1322 ereo
401 1263 504 1329 Nemo
526 1267 632 1328 tamen
654 1261 855 1346 scrupulosus
877 1263 927 1328 vel
949 1263 1049 1347 ipsius
1071 1266 1217 1328 causetur

402 1369 449 1433 De
472 1367 572 1432 Maria
594 1367 744 1446 vestibus,
768 1369 818 1432 vel
840 1368 1078 1433 scandalizetur.

401 1472 557 1550 Quoniam
581 1472 822 1536 mundissimam
845 1473 1001 1558 virginem
1024 1472 1154 1539 decebat

402 1578 460 1645 Uti
478 1579 604 1642 mundis
627 1577 777 1656 vestibus,
800 1577 870 1660 ipsa
892 1599 949 1642 nec
971 1577 1111 1641 habebat

400 1683 544 1762 Causam,
568 1705 624 1748 cur
645 1681 793 1762 cilicium,
816 1682 866 1746 vel
888 1683 1036 1768 sagulum
1058 1687 1210 1767 portaret,

323 1805 373 1844 ατοῦ
400 1787 462 1852 Vel
483 1792 602 1853 vestem
624 1786 813 1871 penitentie;
836 1809 911 1851 nam
933 1787 1017 1871 qnod
1040 1787 1220 1852 emendaret

399 1891 460 1957 Per
481 1893 603 1958 luctum
625 1891 806 1976 penitentie,
829 1914 992 1976 nunquam
1015 1889 1074 1956 hec
1095 1896 1259 1976 peceatum

399 1997 498 2078 Fecit,
521 1998 700 2063 innocentie
721 2019 844 2081 semper
866 2019 994 2062 servans
1017 2001 1146 2062 statum.

398 2104 603 2188 Eiusquoqne
625 2102 813 2167 vestimenta
834 2125 997 2187 nunquam
1020 2107 1095 2167 sunt
1117 2105 1229 2168 attrita

397 2206 473 2274 Jesu
496 2213 569 2294 post
590 2209 811 2287 ascensionem,
835 2208 888 2272 sed
911 2214 1097 2274 manserunt
1119 2210 1177 2289 ita,

319 2333 371 2370 ⁰⁷10
398 2313 486 2379 Sicut
508 2336 545 2378 ea
567 2313 681 2393 induit,
703 2313 737 2376 in
759 2313 863 2397 prima
884 2312 1036 2392 novitate,

396 2417 465 2483 Neo
487 2418 584 2483 scissa
605 2422 680 2482 sunt
701 2438 759 2482 nec
781 2417 888 2502 aliqua
910 2422 1097 2502 consumpta
1119 2423 1288 2484 vetustate.

397 2523 556 2609 Peploque
579 2523 786 2588 mundissimo
808 2545 930 2607 semper
952 2523 1101 2588 utebatur

397 2627 487 2694 Circa
509 2633 612 2713 caput,
637 2628 769 2713 desuper
790 2627 874 2712 quod
895 2632 1003 2692 tamen
1025 2629 1194 2714 tegebatur

395 2732 475 2798 Velo
497 2755 568 2799 cum
591 2734 807 2813 mundissimo,
831 2733 915 2818 qnod
938 2734 1095 2798 modicum
1117 2733 1275 2818 dependit,

317 2857 368 2894 ⁶²1⁶
395 2836 490 2903 Nuda
512 2837 586 2902 colli
608 2838 656 2902 sui
679 2841 789 2923 tegens
813 2838 852 2902 ad
875 2839 1019 2922 scapulas
1042 2839 1222 2917 descendit;

394 2943 438 3008 Et
460 2967 479 3008 a
500 2943 598 3008 front
574 2947 615 3008 t1s
639 2943 741 3010 medio
763 2965 796 3008 se
818 2943 976 3007 modicum
999 2944 1123 3009 reflexit

394 3047 513 3114 Versus
535 3069 636 3121 aures,
658 3051 801 3132 tempora
822 3069 894 3112 curn
916 3048 1054 3112 maxillis
1080 3051 1169 3114 texit.

393 3152 496 3218 Nont
482 3157 588 3218 tamen
604 3174 705 3232 aures,
727 3152 778 3218 vel
792 3153 967 3233 maxillrmr,
990 3153 1040 3219 vel
1054 3159 1142 3219 ment
1143 3177 1195 3218 um
1212 3155 1383 3221 arcebatur
1506 3111 1507 3212 l

393 3257 454 3322 Illo
476 3259 556 3339 velo,
578 3259 632 3323 sed
654 3279 725 3323 oum
747 3260 840 3343 peplo
862 3260 937 3324 subt
922 3263 974 3324 tus
997 3259 1224 3345 stringebatur,

314 3382 366 3419 ⁶⁷2⁰
394 3362 447 3428 Sic
469 3364 553 3447 quod
575 3367 645 3429 tota
663 3364 762 3430 facies
784 3365 885 3430 libera
907 3365 1075 3441 manebat;

392 3467 442 3533 Ita
464 3493 497 3534 se
519 3469 623 3534 Maria
644 3493 767 3555 semper
789 3471 921 3535 honeste
942 3470 1159 3554 componebat.

392 3572 483 3639 Trica
506 3574 693 3659 capillorum
716 3575 782 3640 eius
805 3597 928 3660 semper
950 3576 1178 3660 dependebant,

392 3678 487 3744 Tecta
509 3683 616 3744 tamen
638 3681 736 3764 pallio
758 3681 808 3746 vel
831 3681 939 3745 tunica
962 3681 1148 3760 manebant;

389 3783 434 3848 Et
456 3786 644 3869 quandoque
665 3785 829 3871 singulm
851 3785 1000 3870 portabat
1022 3787 1061 3850 de
1087 3791 1207 3851 retorta

312 3907 363 3944 erae
392 3886 488 3968 Zona,
511 3889 593 3954 sieut
614 3891 731 3956 femine
752 3893 865 3971 solent,
889 3893 955 3956 sive
977 3893 1081 3958 corda.

389 3993 548 4060 Utebatur
571 3998 691 4078 calceis,
715 3999 768 4063 sed
791 4003 867 4063 tune
889 4021 923 4063 se
944 3997 1090 4062 calciavit

387 4098 438 4165 Ire
460 4123 529 4164 cnm
551 4105 715 4186 opportuit
735 4125 904 4188 quoquam,
928 4103 1004 4187 quia
1027 4103 1120 4180 cavit,

387 4203 437 4271 Ne
459 4207 534 4270 nudi
559 4209 607 4271 sui
632 4209 812 4273 viderentur
834 4210 929 4292 pedes
951 4209 1018 4272 ulla
1041 4209 1117 4286 vice,

387 4307 427 4374 Se
449 4331 571 4394 semper
593 4315 702 4376 tenens
725 4313 897 4376 verecunde
919 4312 1014 4376 nimis
1037 4317 1069 4378 et
1090 4312 1212 4398 pudice.

308 4433 359 4472 ⁶⁷³⁰
385 4414 624 4500 Lectusquoque
647 4417 780 4502 virginis
802 4440 866 4482 non
890 4417 1005 4482 habuit
1024 4423 1170 4484 ornatum
