2996 4924
650 355 692 420 51

184 549 235 588 1³⁴⁶
264 529 370 616 Atque
391 528 474 594 nihil
496 532 601 614 preter
623 533 655 595 te
677 531 784 616 cupivi
807 531 857 596 vel
880 533 1001 609 amavi3

262 637 309 703 Ac
330 636 390 702 tibi
413 657 482 702 mee
504 634 660 702 castitatis
683 635 794 702 florem
817 637 988 716 imolavi,

260 744 303 808 Ilt
324 765 429 808 mecm
450 742 670 827 virginitatem
694 742 753 806 tibi
777 744 977 818 consecravi:

259 847 319 914 Sed
343 852 454 912 votum
475 846 536 913 hoc
558 847 732 933 iufringere
755 847 867 914 dilecte
889 849 933 913 mi
956 850 1136 934 compellor.

259 953 430 1038 Atueque
452 952 616 1018 dulcedine
639 975 685 1032 ve,
708 952 807 1018 mihil
831 953 896 1018 iem
918 953 1053 1020 evellor!

184 1076 235 1116 1³⁶⁰
260 1055 372 1122 Preter
393 1061 426 1122 te
448 1078 524 1121 nem
546 1056 638 1122 elteri
661 1077 777 1141 sponso
799 1058 940 1142 copulari

259 1161 365 1248 Cogor
387 1165 419 1227 et
441 1165 593 1228 extraneo
615 1162 684 1227 viro
705 1162 828 1227 sociari.

260 1265 348 1353 llrgo
370 1265 613 1332 clementissime
634 1267 678 1330 mi
701 1271 792 1349 peter
815 1271 847 1332 et
869 1267 1009 1333 salvator

262 1372 363 1440 Unice
386 1372 499 1437 solutis
523 1393 591 1436 mee
608 1393 689 1456 spes,
712 1371 787 1436 deus
810 1377 842 1436 et
864 1377 997 1452 creator,

261 1477 428 1563 Deprecor,
452 1480 488 1540 ut
510 1497 624 1560 corpus
644 1497 750 1540 meum
773 1499 836 1542 non
859 1478 946 1542 sinos
969 1478 1141 1564 inquinari,

184 1599 235 1638 ιω
261 1580 328 1646 Nec
349 1602 452 1646 mecm
477 1579 696 1666 virginitatem
718 1581 884 1665 permittes
908 1583 1030 1649 violari.

261 1683 345 1750 Nem
368 1689 405 1750 tu
429 1707 517 1750 meus
540 1707 673 1770 sponsus
695 1707 738 1765 es,
761 1686 876 1752 coniux
898 1692 930 1752 et
952 1690 1079 1768 sodalis,

263 1791 307 1857 Ilt
329 1791 432 1856 cordis
455 1792 517 1856 mei
541 1789 684 1870 thalami,
707 1792 841 1856 meritus
863 1793 1043 1878 singularis.

265 1895 381 1962 Amori
403 1900 445 1976 te,
469 1895 566 1960 dilexi
589 1899 630 1975 te,
653 1899 685 1960 te
707 1897 811 1961 solum
833 1899 1008 1982 concupivi,

261 2001 435 2087 Nunquam
456 2023 607 2086 sponsum
628 2005 734 2086 preter
755 2006 788 2066 te
811 2002 923 2068 dilecte
945 2004 988 2068 mi
1011 2005 1142 2088 quesivi.

185 2129 238 2166 mo
264 2107 313 2172 Tu
335 2107 421 2173 solus
445 2107 524 2172 mihi
546 2129 680 2190 sponsus
703 2129 745 2188 es,
769 2111 805 2171 tu
827 2107 913 2172 solus
935 2109 1050 2174 coniux
1072 2131 1171 2190 meus,

265 2213 313 2278 'lu
337 2213 423 2278 solus
444 2212 524 2276 mihi
547 2213 703 2292 dominus,
727 2217 763 2277 tu
785 2211 871 2278 solus
894 2213 973 2278 mihi
997 2213 1082 2279 deus.

263 2317 311 2385 Tu
334 2318 419 2383 solus
443 2317 522 2382 mihi
544 2317 656 2395 socius,
680 2321 716 2382 tu
739 2317 824 2383 solus
846 2317 926 2383 mihi
950 2317 1058 2396 freter,

265 2423 312 2490 Tu
335 2423 421 2488 solus
443 2423 523 2488 mihi
544 2423 681 2508 genitor,
704 2428 739 2488 tu
762 2423 848 2490 solus
871 2423 950 2488 mihi
973 2445 1073 2504 corus,

264 2529 312 2594 'lu
334 2529 421 2594 solus
444 2529 698 2607 amantissimae,¹
713 2533 749 2594 tu
772 2529 858 2594 solus
881 2529 959 2594 mihi
982 2551 1082 2603 cerus,

187 2655 240 2693 mc
266 2633 315 2699 'lu
337 2633 423 2698 solus
443 2632 684 2712 criminalius,
708 2638 743 2698 tu
767 2634 851 2698 solus
874 2657 907 2699 es
929 2636 1097 2718 preclarus.

268 2739 316 2804 Tu
339 2739 424 2804 solus
447 2761 479 2804 es
501 2738 646 2804 amabilis
668 2738 809 2824 mihique
832 2739 974 2818 dilectus,

265 2845 315 2910 'lu
337 2844 423 2909 solus
446 2867 478 2908 es
501 2842 649 2923 effabilis,
673 2865 711 2908 ex
734 2844 879 2909 omnibus
902 2845 1028 2910 electus.

266 2949 314 3016 Tu
338 2948 423 3015 solus
446 2971 478 3014 es
501 2947 678 3014 tractabilis
700 2949 842 3034 mihique
864 2951 1032 3034 gratiosus,

266 3054 315 3120 Tu
336 3055 422 3119 solue
444 3053 644 3132 venerabilis,
667 3076 722 3138 pre
744 3055 866 3119 cunctis
888 3055 1058 3139 speciosus.
1157 3099 1161 3106 -

188 3180 240 3218 1³⁷⁰
266 3159 314 3224 l'u
336 3181 424 3224 meus
446 3158 643 3238 secretarius,
666 3163 701 3223 tu
724 3182 811 3226 meus
833 3182 866 3224 es
889 3159 1038 3240 salvator,

267 3265 316 3330 Tu
338 3287 426 3330 meus
448 3286 481 3329 ee
504 3264 651 3344 amasius,
674 3269 709 3329 tu
732 3287 820 3330 meus
843 3287 876 3329 es
898 3269 1031 3330 amator.

268 3369 316 3434 Tu
338 3391 426 3436 meus
449 3369 684 3454 perenymphus
706 3393 749 3449 es,
776 3371 895 3434 amicus
918 3375 950 3435 et
972 3369 1098 3448 sodalis,

268 3475 317 3540 Tu
339 3499 427 3541 meus
449 3475 632 3560 pedagogus
656 3499 688 3540 es
711 3481 743 3540 et
765 3497 868 3542 comes
892 3475 1044 3562 specialis.

269 3581 356 3664 Ergo
378 3581 422 3646 mi
446 3581 656 3661 dilectissime,
680 3587 712 3647 te
735 3582 893 3668 deprecor,
917 3583 1058 3667 dignere,

192 3706 243 3744 rso
270 3685 322 3751 Ab
344 3683 407 3750 istd
427 3709 477 3752 me
500 3685 634 3750 tristitie
655 3688 824 3753 clementer
849 3686 1012 3750 liberare<
1091 3722 1094 3728 -

117 3913 220 4000 Quod
253 3915 409 4010 angelus
442 3917 708 3991 consolabatur
738 3913 898 3987 Mariam
933 3913 1128 3985 turbatam
1167 3913 1256 4006 quia

425 4041 631 4136 cogebatur
657 4040 791 4112 ducere
818 4037 969 4132 Joseph.

270 4209 373 4278 Morio
395 4235 467 4280 cum
489 4214 670 4300 persisteret
692 4215 847 4310 addeum
870 4210 915 4275 sio
937 4210 1066 4288 orendo,

675 4339 692 4378 ’Β

190 4437 255 4492 1347
274 4437 298 4493 G
318 4455 408 4494 meam
427 4438 499 4493 fehlt
505 4459 513 4503 ς
532 4437 693 4494 conservavi
711 4439 785 4494 stult
803 4434 970 4493 consecrari.
1005 4521 1022 4576 ⁴

1034 4522 1049 4554 ἡ
