3060 4936
689 381 752 450 165

142 555 266 622 domini
283 553 368 620 Petri
386 554 424 620 de
440 552 626 643 Schonberg
640 555 662 636 ¹,
684 558 855 624 cardinalis
871 563 904 625 et
918 561 1055 645 episcopi
1071 561 1293 647 Augustensis,

142 665 175 726 et
198 661 317 726 domini
349 660 474 726 abbatis
503 662 537 726 in
559 661 747 750 Wiblingen
778 669 970 730 conventum
995 665 1188 734 reformavit.
1234 667 1295 733 Sed

141 767 218 850 quia
240 787 335 832 senex
359 772 447 845 erat,
480 771 512 832 et
543 766 659 834 fratres
680 773 713 834 et
736 773 927 836 conventum
959 770 1048 856 sequi
1071 792 1135 835 non
1158 775 1293 856 poterat,

141 871 304 955 resignare
327 869 432 935 officio
455 870 637 956 cogitabat,
661 872 842 958 quatenus²
866 873 982 959 aliquis
1004 875 1127 942 iuvenis
1150 881 1182 942 et
1204 877 1293 942 labo·

143 977 247 1042 riosus
270 976 500 1056 institueretur,
524 978 579 1062 qui
602 979 697 1044 sciret
719 983 752 1046 et
773 983 880 1064 posset
901 984 1092 1046 conventum
1116 1003 1234 1066 regere,
1262 989 1294 1047 et

142 1081 219 1166 quia
240 1081 308 1146 sine
331 1081 520 1146 auctoritate
542 1087 574 1148 et
606 1082 734 1148 licentia
756 1083 876 1148 domini
906 1083 1058 1150 ordinarii
1081 1083 1294 1169 augustensis

139 1187 391 1273 resignationem
415 1186 520 1252 faeere
545 1209 608 1253 non
633 1192 774 1272 poterat,
804 1189 966 1254 descendit
993 1189 1027 1253 in
1049 1189 1228 1274 Diliugen⁸
1253 1189 1293 1256 ad

142 1291 304 1357 domiuum
322 1291 514 1358 cardinalem
530 1297 563 1358 et
577 1293 735 1358 intentum
752 1315 845 1358 suum
861 1294 961 1360 eidem
984 1294 1139 1378 exposuit.
1179 1293 1294 1360 Noluit

141 1401 248 1462 autem
272 1396 418 1462 dominus
441 1397 610 1462 cardinalis
634 1402 669 1462 ut
691 1398 885 1482 resignaret,
917 1398 970 1462 sed
999 1399 1229 1482 personaliter‘
1259 1401 1293 1464 in

140 1500 321 1587 Elchingen
345 1503 487 1568 ascendit
509 1507 542 1568 et
556 1507 747 1568 conventum
774 1525 830 1587 per
855 1525 889 1568 se
911 1503 1054 1568 visitarit
1073 1503 1201 1589 singula
1222 1526 1292 1589 per-

140 1613 297 1672 scrutans.
323 1607 516 1673 Visitatione
531 1629 608 1693 ergo
624 1612 753 1691 accepta
764 1608 912 1672 abbatem
928 1608 1100 1688 exaudivit,
1117 1609 1171 1694 qni
1187 1609 1293 1674 officio

140 1713 240 1778 libere
263 1713 429 1799 resignans
443 1714 478 1780 in
492 1737 606 1780 manus
619 1713 739 1780 domini
755 1711 924 1778 cardinalis
939 1716 973 1778 et
993 1717 1176 1795 conventus,
1199 1715 1293 1780 cessit

138 1818 303 1904 dignitati.
343 1818 496 1904 Deposito
512 1841 589 1904 ergo
601 1820 716 1885 abbate
727 1820 918 1886 hortabatur
930 1818 1100 1884 cardinalis
1108 1820 1291 1898 monachos,

139 1925 178 1988 ut
200 1922 238 1988 de
261 1922 324 1988 alio
346 1923 408 1988 sibi
427 1923 635 2006 providerent
656 1925 770 2009 capite,
794 1925 832 1988 de
855 1924 963 2010 aliquo
986 1925 1137 2010 religioso
1159 1924 1291 1996 etbono

138 2028 227 2107 viro,
259 2032 291 2092 et
323 2031 387 2092 tres
417 2015 488 2092 vias
514 2027 593 2092 iuris
621 2027 761 2112 eligendi
784 2027 953 2112 praelatum
983 2028 1028 2093 eis
1062 2028 1226 2112 exposuit,
1256 2032 1293 2094 ut

138 2132 295 2218 eligerent
317 2137 373 2198 aut
397 2155 452 2216 per
482 2153 681 2198 communem
703 2133 944 2218 inspirationem
974 2138 1032 2198 aut
1060 2155 1117 2218 per
1147 2155 1291 2218 compro·

137 2237 341 2316 missionem,
372 2240 429 2301 aut
461 2258 518 2320 per
549 2237 746 2302 scrutinium.
792 2237 905 2302 Electa
936 2241 984 2302 est
1015 2258 1092 2323 ergo
1114 2237 1218 2302 media
1242 2238 1292 2303 via

139 2343 431 2428 compromissionis
454 2343 650 2408 concorditer
674 2341 714 2408 ab
737 2341 901 2422 omuibus,
931 2346 963 2408 et
986 2341 1020 2406 in
1049 2345 1114 2406 tres
1142 2364 1291 2426 personas

139 2453 229 2514 totus
252 2448 470 2533 compromisit
490 2452 675 2526 conventus,
699 2447 818 2512 scilieet
847 2447 880 2512 iu
901 2447 1105 2512 reverendum
1128 2447 1291 2512 dominum

138 2553 273 2620 Petrum
296 2555 335 2620 de
358 2553 553 2638 Schonberg,
576 2550 770 2618 cardinalem
792 2556 825 2618 et
847 2552 1028 2637 episcopum
1044 2552 1290 2638 augustensem,

137 2664 172 2726 et
193 2661 227 2724 in
250 2660 412 2724 dominum
439 2657 624 2724 Udalrieum
645 2657 806 2724 Hablitzel
819 2657 842 2736 ⁶,
867 2658 1015 2734 abbatem
1029 2659 1071 2723 'in
1091 2655 1290 2745 Wiblingan,

136 2769 171 2832 et
192 2766 226 2830 in
250 2765 413 2830 dominum
435 2763 657 2830 Lecnbardum
681 2762 818 2829 Gessel⁸
842 2763 995 2828 vicarium
1015 2763 1156 2848 episcopi
1177 2763 1291 2848 Augu-

137 2869 264 2936 stensis.
310 2868 439 2936 Statutc
454 2891 531 2954 ergo
554 2869 604 2933 die
619 2868 786 2934 celebratis
809 2891 847 2933 er
868 2889 957 2934 more
981 2869 1085 2934 missis
1096 2869 1118 2949 ⁷,
1143 2869 1290 2934 omnibus

137 2977 177 3040 de
200 2976 269 3040 iure
290 2975 452 3040 servandis
469 2975 529 3039 rite
545 2979 577 3040 et
598 2973 783 3040 solemniter
805 2973 949 3054 servatis,
972 2979 1193 3058 processerunt
1209 2996 1290 3058 prae·

138 3081 216 3146 dicti
239 3085 303 3146 tres
327 3081 367 3145 ad
390 3080 584 3158 electionem,
607 3083 639 3143 et
661 3078 859 3168 concorditer
890 3077 1055 3162 elegerunt
1084 3078 1117 3142 in
1141 3078 1288 3144 abbatem

137 3187 385 3272 Elcbingensem
416 3185 627 3252 venerabilem
658 3183 760 3248 virum
790 3183 953 3248 dominum
975 3181 1111 3248 Paulum
1139 3181 1221 3248 Kast
1251 3184 1289 3249 de

137 3293 246 3372 Ulma,
270 3293 308 3360 de
331 3292 465 3358 honesta
487 3289 692 3356 Kestensium
715 3311 778 3353 non
802 3287 914 3352 infima
930 3286 1129 3353 Ulmensium
1155 3287 1288 3366 familia,

136 3401 176 3465 de
200 3421 264 3483 qna
286 3398 382 3464 etiam
405 3396 583 3482 praecedcns
607 3394 705 3458 abbas
727 3393 872 3458 domiuus
888 3391 1066 3458 Fridericus
1086 3390 1200 3456 fuerat
1246 3392 1290 3458 Et

136 3503 283 3589 quamvis
306 3503 409 3568 dictus
432 3502 578 3566 dominus
594 3499 712 3584 Paulus
735 3498 839 3564 adhuc
853 3497 976 3562 iuvenis
992 3502 1082 3577 esset,
1106 3501 1217 3582 utpote
1233 3499 1288 3583 qui

136 3611 263 3674 noviter
287 3609 325 3672 de
345 3608 556 3672 universitate
579 3603 742 3670 Wienensi
765 3603 950 3668 ascenderat
971 3607 1004 3668 et
1026 3601 1184 3686 primitias
1207 3603 1288 3668 cele-

137 3715 297 3794 braverat,
321 3717 427 3778 tamen
451 3711 550 3777 senile
573 3731 626 3776 cor
649 3709 893 3774 existimabatur
907 3728 1016 3793 gerere
1032 3713 1064 3772 et
1080 3709 1288 3774 venerandam
1297 3724 1385 3805 3⁰¹3„

703 3889 721 3929 11

209 4013 221 4066 l
242 4011 422 4078 Scbsunberg
443 4011 515 4066 Mon.
539 4011 560 4064 1.
598 4007 766 4075 Sebomberg
781 4007 862 4063 (told.
876 4013 917 4060 ut.
972 4007 989 4060 2
1007 4003 1286 4075 quaerundorum.

134 4101 226 4166 (nicht
245 4099 317 4155 Mon.
340 4101 373 4165 l.)
460 4097 627 4166 3Tilingen
646 4095 706 4151 Scb.
727 4097 800 4151 Mon.
822 4098 844 4148 1.
890 4094 1034 4163 'l'illingan
1056 4093 1097 4148 111.
1144 4091 1286 4162 Dillingen

137 4188 223 4244 Wibl.
242 4187 334 4242 Scbm.
387 4187 520 4256 Dilingen
538 4185 619 4240 eoru.
640 4187 680 4240 nt.
768 4186 786 4238 4
810 4184 857 4238 sed
884 4187 942 4238 met
964 4181 1150 4253 personaliter
1170 4179 1241 4236 Mon.
1264 4181 1286 4233 l.

134 4275 216 4333 Gold.
238 4277 280 4329 ut.
351 4274 552 4328 5Vldarioum
571 4273 616 4328 ΚΙ.
635 4273 722 4328 Wibl.
741 4269 834 4326 Schm.
872 4269 1098 4326 UdaricumSeb.
1137 4265 1286 4322 Hnblutael

135 4362 219 4420 Gold.
237 4364 277 4416 ut.
297 4361 371 4418 1111.
392 4365 414 4416 1.
454 4361 583 4417 Hablisel
603 4359 646 4414 lll.
665 4360 726 4414 Sch.
745 4359 834 4421 Sebm.
854 4357 940 4414 Wibl.
1021 4359 1037 4412 6
1057 4355 1151 4411 Gessel
1172 4355 1243 4408 1111.
1264 4355 1287 4409 l.

135 4455 150 4506 7
170 4449 369 4508 celebrabatur
387 4467 420 4506 ex
440 4467 516 4506 more
534 4449 620 4504 Missa
638 4447 719 4504 Gold.
738 4450 787 4512 ut,
806 4447 884 4501 nicht
905 4447 976 4500 Mon.
998 4447 1020 4498 1.

188 4555 317 4598 'tractatae
332 4557 360 4598 da
374 4557 470 4598 civitate
484 4557 594 4598 ulmenal.
1046 4551 1074 4604 ll
