<?xml version="1.0" encoding="UTF-8"?>
<!DOCTYPE html PUBLIC "-//W3C//DTD XHTML 1.0 Transitional//EN"
    "http://www.w3.org/TR/xhtml1/DTD/xhtml1-transitional.dtd">
<html xmlns="http://www.w3.org/1999/xhtml" xml:lang="en" lang="en">
 <head>
  <title>
</title>
<meta http-equiv="Content-Type" content="text/html;charset=utf-8" />
  <meta name='ocr-system' content='tesseract 3.04.00' />
  <meta name='ocr-capabilities' content='ocr_page ocr_carea ocr_par ocr_line ocrx_word'/>
</head>
<body>
  <div class='ocr_page' id='page_1' title='image "./vitabeatevirgin01vggoog_0263.png"; bbox 0 0 3034 4922; ppageno 0'>
   <div class='ocr_carea' id='block_1_1' title="bbox 678 355 812 460">
    <p class='ocr_par' dir='ltr' id='par_1_1' title="bbox 678 355 812 460">
     <span class='ocr_line' id='line_1_1' title="bbox 678 355 812 460; baseline 0 -30"><span class='ocrx_word' id='word_1_1' title='bbox 678 355 741 430; x_wconf 78' lang='lat'>255</span> <span class='ocrx_word' id='word_1_2' title='bbox 809 452 812 460; x_wconf 29' lang='lat'>‚</span> 
     </span>
    </p>
   </div>
   <div class='ocr_carea' id='block_1_2' title="bbox 215 537 1247 3259">
    <p class='ocr_par' dir='ltr' id='par_1_2' title="bbox 215 537 1247 1051">
     <span class='ocr_line' id='line_1_2' title="bbox 215 537 1051 628; baseline -0.005 -18"><span class='ocrx_word' id='word_1_3' title='bbox 215 561 268 602; x_wconf 63' lang='grc' dir='ltr'>που</span> <span class='ocrx_word' id='word_1_4' title='bbox 298 541 348 610; x_wconf 80' lang='lat' dir='ltr'>Ex</span> <span class='ocrx_word' id='word_1_5' title='bbox 369 539 425 610; x_wconf 87' lang='lat' dir='ltr'>illc</span> <span class='ocrx_word' id='word_1_6' title='bbox 447 539 544 608; x_wconf 86' lang='lat' dir='ltr'>choro</span> <span class='ocrx_word' id='word_1_7' title='bbox 566 541 698 628; x_wconf 89' lang='lat' dir='ltr'>spiritus</span> <span class='ocrx_word' id='word_1_8' title='bbox 721 541 827 608; x_wconf 86' lang='lat' dir='ltr'>cuncti</span> <span class='ocrx_word' id='word_1_9' title='bbox 849 537 1051 608; x_wconf 86' lang='lat' dir='ltr'>confluebant</span> 
     </span>
     <span class='ocr_line' id='line_1_3' title="bbox 293 647 1063 746; baseline -0.005 -30"><span class='ocrx_word' id='word_1_10' title='bbox 293 650 400 736; x_wconf 82' lang='lat' dir='ltr'>Atque</span> <span class='ocrx_word' id='word_1_11' title='bbox 422 650 471 714; x_wconf 90' lang='lat' dir='ltr'>dei</span> <span class='ocrx_word' id='word_1_12' title='bbox 494 649 680 736; x_wconf 80' lang='lat' dir='ltr'>genitricem</span> <span class='ocrx_word' id='word_1_13' title='bbox 703 649 867 732; x_wconf 85' lang='lat' dir='ltr'>suscipere</span> <span class='ocrx_word' id='word_1_14' title='bbox 884 647 1063 746; x_wconf 38' lang='lat' dir='ltr'>volebant.</span> 
     </span>
     <span class='ocr_line' id='line_1_4' title="bbox 294 754 1247 839; baseline 0 -19"><span class='ocrx_word' id='word_1_15' title='bbox 294 755 373 820; x_wconf 69' lang='lat' dir='ltr'>(lum</span> <span class='ocrx_word' id='word_1_16' title='bbox 395 754 524 838; x_wconf 83' lang='lat' dir='ltr'><strong>hymnis</strong></span> <span class='ocrx_word' id='word_1_17' title='bbox 546 759 642 839; x_wconf 87' lang='lat' dir='ltr'>atque</span> <span class='ocrx_word' id='word_1_18' title='bbox 664 755 794 820; x_wconf 90' lang='lat' dir='ltr'>canticis</span> <span class='ocrx_word' id='word_1_19' title='bbox 817 754 891 819; x_wconf 90' lang='lat' dir='ltr'>huic</span> <span class='ocrx_word' id='word_1_20' title='bbox 913 754 1021 819; x_wconf 89' lang='lat' dir='ltr'>laudes</span> <span class='ocrx_word' id='word_1_21' title='bbox 1044 755 1247 838; x_wconf 85' lang='lat' dir='ltr'>decantantes</span> 
     </span>
     <span class='ocr_line' id='line_1_5' title="bbox 294 859 1035 926; baseline -0.004 0"><span class='ocrx_word' id='word_1_22' title='bbox 294 861 338 926; x_wconf 79' lang='lat' dir='ltr'>Et</span> <span class='ocrx_word' id='word_1_23' title='bbox 359 883 431 926; x_wconf 90' lang='lat' dir='ltr'>cnm</span> <span class='ocrx_word' id='word_1_24' title='bbox 451 859 639 926; x_wconf 89' lang='lat' dir='ltr'>iubilatione</span> <span class='ocrx_word' id='word_1_25' title='bbox 661 861 809 925; x_wconf 74' lang='lat' dir='ltr'>dicebant</span> <span class='ocrx_word' id='word_1_26' title='bbox 830 864 1035 925; x_wconf 77' lang='lat' dir='ltr'><strong>resonantes:</strong></span> 
     </span>
     <span class='ocr_line' id='line_1_6' title="bbox 297 963 981 1051; baseline 0.009 -27"><span class='ocrx_word' id='word_1_27' title='bbox 297 964 416 1044; x_wconf 67' lang='lat' dir='ltr'>»Salva</span> <span class='ocrx_word' id='word_1_28' title='bbox 439 965 532 1051; x_wconf 84' lang='lat' dir='ltr'>virgo</span> <span class='ocrx_word' id='word_1_29' title='bbox 556 963 685 1040; x_wconf 81' lang='lat' dir='ltr'>nobilis,</span> <span class='ocrx_word' id='word_1_30' title='bbox 708 963 795 1030; x_wconf 86' lang='lat' dir='ltr'>salve</span> <span class='ocrx_word' id='word_1_31' title='bbox 816 986 981 1050; x_wconf 84' lang='lat' dir='ltr'>generosa,</span> 
     </span>
    </p>

    <p class='ocr_par' dir='ltr' id='par_1_3' title="bbox 217 1069 1099 1577">
     <span class='ocr_line' id='line_1_7' title="bbox 217 1069 989 1156; baseline -0.004 -20"><span class='ocrx_word' id='word_1_32' title='bbox 217 1088 268 1126; x_wconf 74' lang='lat'>⁷⁶⁹⁶</span> <span class='ocrx_word' id='word_1_33' title='bbox 295 1069 399 1148; x_wconf 84' lang='lat' dir='ltr'>Salve,</span> <span class='ocrx_word' id='word_1_34' title='bbox 422 1073 531 1135; x_wconf 88' lang='lat' dir='ltr'>sancta</span> <span class='ocrx_word' id='word_1_35' title='bbox 553 1069 703 1156; x_wconf 81' lang='lat' dir='ltr'>genitrix,</span> <span class='ocrx_word' id='word_1_36' title='bbox 727 1069 813 1134; x_wconf 88' lang='lat' dir='ltr'>salve</span> <span class='ocrx_word' id='word_1_37' title='bbox 835 1069 989 1156; x_wconf 78' lang='lat' dir='ltr'>gloriosa3</span> 
     </span>
     <span class='ocr_line' id='line_1_8' title="bbox 293 1174 1024 1260; baseline -0.004 -18"><span class='ocrx_word' id='word_1_38' title='bbox 293 1174 385 1242; x_wconf 83' lang='lat' dir='ltr'>Salve</span> <span class='ocrx_word' id='word_1_39' title='bbox 407 1177 495 1241; x_wconf 90' lang='lat' dir='ltr'>cuius</span> <span class='ocrx_word' id='word_1_40' title='bbox 518 1175 653 1259; x_wconf 87' lang='lat' dir='ltr'>speciem</span> <span class='ocrx_word' id='word_1_41' title='bbox 675 1197 731 1240; x_wconf 83' lang='lat' dir='ltr'>rex</span> <span class='ocrx_word' id='word_1_42' title='bbox 753 1175 811 1240; x_wconf 90' lang='lat' dir='ltr'>celi</span> <span class='ocrx_word' id='word_1_43' title='bbox 834 1175 1024 1260; x_wconf 85' lang='lat' dir='ltr'>concupivit,</span> 
     </span>
     <span class='ocr_line' id='line_1_9' title="bbox 293 1279 930 1347; baseline -0.003 -1"><span class='ocrx_word' id='word_1_44' title='bbox 293 1279 386 1347; x_wconf 84' lang='lat' dir='ltr'>Salve</span> <span class='ocrx_word' id='word_1_45' title='bbox 408 1282 498 1346; x_wconf 83' lang='lat' dir='ltr'>cuius</span> <span class='ocrx_word' id='word_1_46' title='bbox 520 1287 645 1346; x_wconf 89' lang='lat' dir='ltr'>uterum</span> <span class='ocrx_word' id='word_1_47' title='bbox 668 1282 744 1346; x_wconf 89' lang='lat' dir='ltr'>deus</span> <span class='ocrx_word' id='word_1_48' title='bbox 766 1280 930 1345; x_wconf 70' lang='lat' dir='ltr'>introivit!</span> 
     </span>
     <span class='ocr_line' id='line_1_10' title="bbox 295 1385 1099 1472; baseline 0 -22"><span class='ocrx_word' id='word_1_49' title='bbox 295 1385 342 1450; x_wconf 74' lang='lat' dir='ltr'>Tu</span> <span class='ocrx_word' id='word_1_50' title='bbox 367 1407 399 1452; x_wconf 90' lang='lat' dir='ltr'>es</span> <span class='ocrx_word' id='word_1_51' title='bbox 421 1385 516 1472; x_wconf 76' lang='lat' dir='ltr'>longe</span> <span class='ocrx_word' id='word_1_52' title='bbox 539 1407 595 1469; x_wconf 89' lang='lat' dir='ltr'>per</span> <span class='ocrx_word' id='word_1_53' title='bbox 617 1385 790 1469; x_wconf 85' lang='lat' dir='ltr'>prophetas</span> <span class='ocrx_word' id='word_1_54' title='bbox 812 1389 886 1450; x_wconf 92' lang='lat' dir='ltr'>ante</span> <span class='ocrx_word' id='word_1_55' title='bbox 910 1385 1099 1468; x_wconf 85' lang='lat' dir='ltr'>prophetata</span> 
     </span>
     <span class='ocr_line' id='line_1_11' title="bbox 295 1491 1040 1577; baseline 0 -21"><span class='ocrx_word' id='word_1_56' title='bbox 295 1492 401 1576; x_wconf 84' lang='lat' dir='ltr'>Atque</span> <span class='ocrx_word' id='word_1_57' title='bbox 423 1496 458 1556; x_wconf 92' lang='lat' dir='ltr'>tu</span> <span class='ocrx_word' id='word_1_58' title='bbox 483 1513 539 1576; x_wconf 91' lang='lat' dir='ltr'>per</span> <span class='ocrx_word' id='word_1_59' title='bbox 560 1491 757 1576; x_wconf 78' lang='lat' dir='ltr'>patriarchas</span> <span class='ocrx_word' id='word_1_60' title='bbox 780 1513 812 1556; x_wconf 89' lang='lat' dir='ltr'>es</span> <span class='ocrx_word' id='word_1_61' title='bbox 834 1491 1040 1577; x_wconf 80' lang='lat' dir='ltr'>prefigurata.</span> 
     </span>
    </p>

    <p class='ocr_par' dir='ltr' id='par_1_4' title="bbox 217 1595 1139 2102">
     <span class='ocr_line' id='line_1_12' title="bbox 217 1595 949 1682; baseline 0.003 -22"><span class='ocrx_word' id='word_1_62' title='bbox 217 1616 269 1652; x_wconf 68' lang='grc' dir='ltr'>που</span> <span class='ocrx_word' id='word_1_63' title='bbox 296 1595 343 1660; x_wconf 85' lang='lat' dir='ltr'>Tu</span> <span class='ocrx_word' id='word_1_64' title='bbox 367 1619 399 1661; x_wconf 84' lang='lat' dir='ltr'>ea</span> <span class='ocrx_word' id='word_1_65' title='bbox 423 1597 509 1662; x_wconf 94' lang='lat' dir='ltr'>omni</span> <span class='ocrx_word' id='word_1_66' title='bbox 532 1596 637 1661; x_wconf 87' lang='lat' dir='ltr'>seculo</span> <span class='ocrx_word' id='word_1_67' title='bbox 660 1617 718 1680; x_wconf 92' lang='lat' dir='ltr'>pro</span> <span class='ocrx_word' id='word_1_68' title='bbox 741 1599 853 1682; x_wconf 77' lang='lat' dir='ltr'>regina</span> <span class='ocrx_word' id='word_1_69' title='bbox 874 1598 949 1662; x_wconf 91' lang='lat' dir='ltr'>data</span> 
     </span>
     <span class='ocr_line' id='line_1_13' title="bbox 295 1701 1044 1787; baseline -0.003 -19"><span class='ocrx_word' id='word_1_70' title='bbox 295 1701 426 1768; x_wconf 78' lang='lat' dir='ltr'>Necnon</span> <span class='ocrx_word' id='word_1_71' title='bbox 448 1701 636 1786; x_wconf 80' lang='lat' dir='ltr'>imperatrix</span> <span class='ocrx_word' id='word_1_72' title='bbox 658 1723 691 1766; x_wconf 77' lang='lat' dir='ltr'>es</span> <span class='ocrx_word' id='word_1_73' title='bbox 714 1701 853 1767; x_wconf 90' lang='lat' dir='ltr'>celorum</span> <span class='ocrx_word' id='word_1_74' title='bbox 876 1703 1044 1787; x_wconf 85' lang='lat' dir='ltr'>appellata.</span> 
     </span>
     <span class='ocr_line' id='line_1_14' title="bbox 296 1807 934 1889; baseline 0 -17"><span class='ocrx_word' id='word_1_75' title='bbox 296 1807 355 1874; x_wconf 91' lang='lat' dir='ltr'>Per</span> <span class='ocrx_word' id='word_1_76' title='bbox 378 1808 588 1874; x_wconf 81' lang='lat' dir='ltr'>obedientiam</span> <span class='ocrx_word' id='word_1_77' title='bbox 611 1813 645 1872; x_wconf 89' lang='lat' dir='ltr'>tu</span> <span class='ocrx_word' id='word_1_78' title='bbox 670 1814 758 1872; x_wconf 89' lang='lat' dir='ltr'>tuam</span> <span class='ocrx_word' id='word_1_79' title='bbox 781 1809 934 1889; x_wconf 81' lang='lat' dir='ltr'>meruisti,</span> 
     </span>
     <span class='ocr_line' id='line_1_15' title="bbox 297 1912 940 1997; baseline 0.002 -20"><span class='ocrx_word' id='word_1_80' title='bbox 297 1912 385 1989; x_wconf 82' lang='lat' dir='ltr'>Quod</span> <span class='ocrx_word' id='word_1_81' title='bbox 409 1916 445 1977; x_wconf 88' lang='lat' dir='ltr'>tu</span> <span class='ocrx_word' id='word_1_82' title='bbox 467 1914 525 1978; x_wconf 93' lang='lat' dir='ltr'>deo</span> <span class='ocrx_word' id='word_1_83' title='bbox 547 1913 681 1978; x_wconf 86' lang='lat' dir='ltr'>creatori</span> <span class='ocrx_word' id='word_1_84' title='bbox 704 1917 760 1976; x_wconf 92' lang='lat' dir='ltr'>tuo</span> <span class='ocrx_word' id='word_1_85' title='bbox 782 1913 940 1997; x_wconf 86' lang='lat' dir='ltr'>placuisti.</span> 
     </span>
     <span class='ocr_line' id='line_1_16' title="bbox 296 2015 1139 2102; baseline 0.001 -20"><span class='ocrx_word' id='word_1_86' title='bbox 296 2015 380 2082; x_wconf 86' lang='lat' dir='ltr'>Nom</span> <span class='ocrx_word' id='word_1_87' title='bbox 403 2018 443 2082; x_wconf 94' lang='lat' dir='ltr'>ob</span> <span class='ocrx_word' id='word_1_88' title='bbox 466 2018 526 2082; x_wconf 90' lang='lat' dir='ltr'>hoc</span> <span class='ocrx_word' id='word_1_89' title='bbox 548 2019 631 2102; x_wconf 90' lang='lat' dir='ltr'>quod</span> <span class='ocrx_word' id='word_1_90' title='bbox 654 2017 759 2082; x_wconf 83' lang='lat' dir='ltr'>verbis</span> <span class='ocrx_word' id='word_1_91' title='bbox 782 2017 846 2082; x_wconf 89' lang='lat' dir='ltr'>suis</span> <span class='ocrx_word' id='word_1_92' title='bbox 870 2018 1017 2083; x_wconf 81' lang='lat' dir='ltr'>obediam</span> <span class='ocrx_word' id='word_1_93' title='bbox 1040 2019 1139 2099; x_wconf 82' lang='lat' dir='ltr'>fuisti,</span> 
     </span>
    </p>

    <p class='ocr_par' dir='ltr' id='par_1_5' title="bbox 217 2121 1127 2628">
     <span class='ocr_line' id='line_1_17' title="bbox 217 2121 1088 2208; baseline 0.002 -22"><span class='ocrx_word' id='word_1_94' title='bbox 217 2141 269 2178; x_wconf 59' lang='grc' dir='ltr'>που</span> <span class='ocrx_word' id='word_1_95' title='bbox 295 2121 382 2208; x_wconf 79' lang='lat' dir='ltr'>Ergo</span> <span class='ocrx_word' id='word_1_96' title='bbox 406 2122 497 2206; x_wconf 83' lang='lat' dir='ltr'>virgo</span> <span class='ocrx_word' id='word_1_97' title='bbox 521 2144 707 2206; x_wconf 83' lang='lat' dir='ltr'>permanens</span> <span class='ocrx_word' id='word_1_98' title='bbox 730 2121 885 2188; x_wconf 88' lang='lat' dir='ltr'>infantem</span> <span class='ocrx_word' id='word_1_99' title='bbox 908 2124 1088 2207; x_wconf 82' lang='lat' dir='ltr'>concepisti.</span> 
     </span>
     <span class='ocr_line' id='line_1_18' title="bbox 294 2225 1127 2315; baseline 0.004 -23"><span class='ocrx_word' id='word_1_100' title='bbox 294 2225 355 2292; x_wconf 88' lang='lat' dir='ltr'>Hic</span> <span class='ocrx_word' id='word_1_101' title='bbox 377 2226 485 2292; x_wconf 90' lang='lat' dir='ltr'>infans</span> <span class='ocrx_word' id='word_1_102' title='bbox 507 2231 581 2292; x_wconf 90' lang='lat' dir='ltr'>tuus</span> <span class='ocrx_word' id='word_1_103' title='bbox 603 2233 710 2292; x_wconf 90' lang='lat' dir='ltr'>noster</span> <span class='ocrx_word' id='word_1_104' title='bbox 732 2233 780 2292; x_wconf 88' lang='lat' dir='ltr'>est</span> <span class='ocrx_word' id='word_1_105' title='bbox 802 2251 858 2293; x_wconf 87' lang='lat' dir='ltr'>rex</span> <span class='ocrx_word' id='word_1_106' title='bbox 879 2233 912 2294; x_wconf 90' lang='lat' dir='ltr'>et</span> <span class='ocrx_word' id='word_1_107' title='bbox 932 2230 1127 2315; x_wconf 82' lang='lat' dir='ltr'>gubernator</span> 
     </span>
     <span class='ocr_line' id='line_1_19' title="bbox 295 2331 885 2414; baseline 0.002 -17"><span class='ocrx_word' id='word_1_108' title='bbox 295 2332 339 2398; x_wconf 84' lang='lat' dir='ltr'>Et</span> <span class='ocrx_word' id='word_1_109' title='bbox 360 2333 460 2398; x_wconf 90' lang='lat' dir='ltr'>totius</span> <span class='ocrx_word' id='word_1_110' title='bbox 481 2331 579 2399; x_wconf 82' lang='lat' dir='ltr'>secuh&#39;</span> <span class='ocrx_word' id='word_1_111' title='bbox 601 2333 676 2398; x_wconf 88' lang='lat' dir='ltr'>deus</span> <span class='ocrx_word' id='word_1_112' title='bbox 699 2339 731 2398; x_wconf 90' lang='lat' dir='ltr'>et</span> <span class='ocrx_word' id='word_1_113' title='bbox 753 2339 885 2414; x_wconf 83' lang='lat' dir='ltr'>creator,</span> 
     </span>
     <span class='ocr_line' id='line_1_20' title="bbox 296 2437 1100 2524; baseline 0.006 -23"><span class='ocrx_word' id='word_1_114' title='bbox 296 2437 338 2502; x_wconf 82' lang='lat' dir='ltr'>Et</span> <span class='ocrx_word' id='word_1_115' title='bbox 360 2461 416 2523; x_wconf 89' lang='lat' dir='ltr'>per</span> <span class='ocrx_word' id='word_1_116' title='bbox 438 2459 565 2502; x_wconf 89' lang='lat' dir='ltr'>carnem</span> <span class='ocrx_word' id='word_1_117' title='bbox 587 2459 682 2522; x_wconf 91' lang='lat' dir='ltr'>quam</span> <span class='ocrx_word' id='word_1_118' title='bbox 705 2461 724 2502; x_wconf 94' lang='lat' dir='ltr'>a</span> <span class='ocrx_word' id='word_1_119' title='bbox 746 2443 802 2504; x_wconf 92' lang='lat' dir='ltr'>tuo</span> <span class='ocrx_word' id='word_1_120' title='bbox 824 2461 954 2524; x_wconf 84' lang='lat' dir='ltr'>corpore</span> <span class='ocrx_word' id='word_1_121' title='bbox 977 2445 1100 2506; x_wconf 89' lang='lat' dir='ltr'>sacrato</span> 
     </span>
     <span class='ocr_line' id='line_1_21' title="bbox 295 2541 1031 2628; baseline 0.005 -22"><span class='ocrx_word' id='word_1_122' title='bbox 295 2541 401 2628; x_wconf 85' lang='lat' dir='ltr'>Atque</span> <span class='ocrx_word' id='word_1_123' title='bbox 422 2565 479 2627; x_wconf 91' lang='lat' dir='ltr'>per</span> <span class='ocrx_word' id='word_1_124' title='bbox 500 2541 664 2607; x_wconf 87' lang='lat' dir='ltr'>libidinem</span> <span class='ocrx_word' id='word_1_125' title='bbox 688 2565 850 2628; x_wconf 79' lang='lat' dir='ltr'>nunquam</span> <span class='ocrx_word' id='word_1_126' title='bbox 873 2545 1031 2610; x_wconf 86' lang='lat' dir='ltr'>maculate</span> 
     </span>
    </p>

    <p class='ocr_par' dir='ltr' id='par_1_6' title="bbox 218 2646 1172 3152">
     <span class='ocr_line' id='line_1_22' title="bbox 218 2646 1172 2732; baseline 0.002 -20"><span class='ocrx_word' id='word_1_127' title='bbox 218 2664 272 2700; x_wconf 76' lang='lat'>⁷⁶¹⁰</span> <span class='ocrx_word' id='word_1_128' title='bbox 296 2647 486 2732; x_wconf 71' lang='lat' dir='ltr'>Assummit,</span> <span class='ocrx_word' id='word_1_129' title='bbox 509 2669 609 2732; x_wconf 83' lang='lat' dir='ltr'>genus</span> <span class='ocrx_word' id='word_1_130' title='bbox 632 2646 797 2712; x_wconf 91' lang='lat' dir='ltr'>hominum</span> <span class='ocrx_word' id='word_1_131' title='bbox 819 2650 851 2713; x_wconf 94' lang='lat' dir='ltr'>in</span> <span class='ocrx_word' id='word_1_132' title='bbox 877 2652 993 2716; x_wconf 89' lang='lat' dir='ltr'>mundo</span> <span class='ocrx_word' id='word_1_133' title='bbox 1015 2651 1172 2731; x_wconf 82' lang='lat' dir='ltr'>liberavit,</span> 
     </span>
     <span class='ocr_line' id='line_1_23' title="bbox 297 2752 1055 2838; baseline 0.003 -20"><span class='ocrx_word' id='word_1_134' title='bbox 297 2752 432 2838; x_wconf 89' lang='lat' dir='ltr'>Lapsum</span> <span class='ocrx_word' id='word_1_135' title='bbox 455 2757 487 2818; x_wconf 91' lang='lat' dir='ltr'>et</span> <span class='ocrx_word' id='word_1_136' title='bbox 509 2752 688 2838; x_wconf 77' lang='lat' dir='ltr'>angelicum</span> <span class='ocrx_word' id='word_1_137' title='bbox 710 2754 742 2817; x_wconf 94' lang='lat' dir='ltr'>in</span> <span class='ocrx_word' id='word_1_138' title='bbox 766 2754 833 2819; x_wconf 89' lang='lat' dir='ltr'>celo</span> <span class='ocrx_word' id='word_1_139' title='bbox 857 2757 1055 2820; x_wconf 84' lang='lat' dir='ltr'>restauravit.</span> 
     </span>
     <span class='ocr_line' id='line_1_24' title="bbox 296 2859 1032 2944; baseline 0.003 -22"><span class='ocrx_word' id='word_1_140' title='bbox 296 2859 382 2943; x_wconf 81' lang='lat' dir='ltr'>Ergo</span> <span class='ocrx_word' id='word_1_141' title='bbox 407 2859 497 2944; x_wconf 83' lang='lat' dir='ltr'>virgo</span> <span class='ocrx_word' id='word_1_142' title='bbox 522 2859 698 2923; x_wconf 85' lang='lat' dir='ltr'>veneranda</span> <span class='ocrx_word' id='word_1_143' title='bbox 719 2881 802 2924; x_wconf 92' lang='lat' dir='ltr'>nunc</span> <span class='ocrx_word' id='word_1_144' title='bbox 825 2860 1032 2944; x_wconf 88' lang='lat' dir='ltr'>proficiscaris</span> 
     </span>
     <span class='ocr_line' id='line_1_25' title="bbox 298 2961 978 3050; baseline 0.006 -24"><span class='ocrx_word' id='word_1_145' title='bbox 298 2961 373 3028; x_wconf 85' lang='lat' dir='ltr'>cum</span> <span class='ocrx_word' id='word_1_146' title='bbox 395 2964 589 3028; x_wconf 89' lang='lat' dir='ltr'>iocunditate</span> <span class='ocrx_word' id='word_1_147' title='bbox 611 2963 713 3028; x_wconf 89' lang='lat' dir='ltr'>cordis</span> <span class='ocrx_word' id='word_1_148' title='bbox 735 2969 767 3028; x_wconf 93' lang='lat' dir='ltr'>et</span> <span class='ocrx_word' id='word_1_149' title='bbox 790 2965 978 3050; x_wconf 84' lang='lat' dir='ltr'>ingrediaris</span> 
     </span>
     <span class='ocr_line' id='line_1_26' title="bbox 297 3063 1038 3152; baseline 0.009 -24"><span class='ocrx_word' id='word_1_150' title='bbox 297 3063 346 3131; x_wconf 82' lang='lat' dir='ltr'>nd</span> <span class='ocrx_word' id='word_1_151' title='bbox 367 3068 417 3133; x_wconf 89' lang='lat' dir='ltr'>dei</span> <span class='ocrx_word' id='word_1_152' title='bbox 439 3068 539 3152; x_wconf 88' lang='lat' dir='ltr'>patris</span> <span class='ocrx_word' id='word_1_153' title='bbox 561 3067 664 3132; x_wconf 90' lang='lat' dir='ltr'>filium</span> <span class='ocrx_word' id='word_1_154' title='bbox 685 3073 781 3152; x_wconf 90' lang='lat' dir='ltr'>atque</span> <span class='ocrx_word' id='word_1_155' title='bbox 804 3073 894 3133; x_wconf 86' lang='lat' dir='ltr'>tuum</span> <span class='ocrx_word' id='word_1_156' title='bbox 918 3076 1038 3150; x_wconf 88' lang='lat' dir='ltr'>natum,</span> 
     </span>
    </p>

    <p class='ocr_par' dir='ltr' id='par_1_7' title="bbox 219 3170 1123 3259">
     <span class='ocr_line' id='line_1_27' title="bbox 219 3170 1123 3259; baseline 0.001 -23"><span class='ocrx_word' id='word_1_157' title='bbox 219 3186 274 3223; x_wconf 72' lang='lat'>⁷⁶¹⁵</span> <span class='ocrx_word' id='word_1_158' title='bbox 298 3170 340 3236; x_wconf 80' lang='lat' dir='ltr'>Et</span> <span class='ocrx_word' id='word_1_159' title='bbox 363 3173 513 3238; x_wconf 89' lang='lat' dir='ltr'>thronum</span> <span class='ocrx_word' id='word_1_160' title='bbox 537 3174 627 3258; x_wconf 80' lang='lat' dir='ltr'>regni</span> <span class='ocrx_word' id='word_1_161' title='bbox 650 3174 773 3256; x_wconf 88' lang='lat' dir='ltr'>posside</span> <span class='ocrx_word' id='word_1_162' title='bbox 798 3175 857 3239; x_wconf 92' lang='lat' dir='ltr'>tibi</span> <span class='ocrx_word' id='word_1_163' title='bbox 881 3179 1123 3259; x_wconf 69' lang='lat' dir='ltr'>preparatum«</span> 
     </span>
    </p>
   </div>
   <div class='ocr_carea' id='block_1_3' title="bbox 287 3489 1061 3588">
    <p class='ocr_par' dir='ltr' id='par_1_8' title="bbox 287 3489 1061 3588">
     <span class='ocr_line' id='line_1_28' title="bbox 287 3489 1061 3588; baseline 0.001 -20"><span class='ocrx_word' id='word_1_164' title='bbox 287 3557 292 3568; x_wconf 94' lang='lat'><em>.</em></span> <span class='ocrx_word' id='word_1_165' title='bbox 349 3489 468 3566; x_wconf 88' lang='lat' dir='ltr'>Maria</span> <span class='ocrx_word' id='word_1_166' title='bbox 496 3493 699 3588; x_wconf 87' lang='lat' dir='ltr'>suscipitur</span> <span class='ocrx_word' id='word_1_167' title='bbox 726 3519 749 3567; x_wconf 90' lang='lat' dir='ltr'>a</span> <span class='ocrx_word' id='word_1_168' title='bbox 777 3495 910 3588; x_wconf 88' lang='lat' dir='ltr'>quinto</span> <span class='ocrx_word' id='word_1_169' title='bbox 937 3495 1061 3570; x_wconf 88' lang='lat' dir='ltr'>chore.</span> 
     </span>
    </p>
   </div>
   <div class='ocr_carea' id='block_1_4' title="bbox 219 3696 1165 4528">
    <p class='ocr_par' dir='ltr' id='par_1_9' title="bbox 298 3696 1165 4100">
     <span class='ocr_line' id='line_1_29' title="bbox 299 3696 1165 3790; baseline 0.008 -28"><span class='ocrx_word' id='word_1_170' title='bbox 299 3696 379 3764; x_wconf 90' lang='lat' dir='ltr'>Hinc</span> <span class='ocrx_word' id='word_1_171' title='bbox 402 3700 442 3764; x_wconf 89' lang='lat' dir='ltr'>ad</span> <span class='ocrx_word' id='word_1_172' title='bbox 465 3701 596 3766; x_wconf 87' lang='lat' dir='ltr'>chorum</span> <span class='ocrx_word' id='word_1_173' title='bbox 618 3702 709 3787; x_wconf 86' lang='lat' dir='ltr'>virgo</span> <span class='ocrx_word' id='word_1_174' title='bbox 733 3703 819 3768; x_wconf 87' lang='lat' dir='ltr'>venit</span> <span class='ocrx_word' id='word_1_175' title='bbox 842 3705 896 3788; x_wconf 91' lang='lat' dir='ltr'>qui</span> <span class='ocrx_word' id='word_1_176' title='bbox 920 3709 967 3769; x_wconf 91' lang='lat' dir='ltr'>est</span> <span class='ocrx_word' id='word_1_177' title='bbox 989 3705 1165 3790; x_wconf 89' lang='lat' dir='ltr'>appellatus</span> 
     </span>
     <span class='ocr_line' id='line_1_30' title="bbox 298 3803 1152 3894; baseline 0.005 -24"><span class='ocrx_word' id='word_1_178' title='bbox 298 3803 427 3890; x_wconf 86' lang='lat' dir='ltr'>Scriptis</span> <span class='ocrx_word' id='word_1_179' title='bbox 450 3807 483 3870; x_wconf 92' lang='lat' dir='ltr'>in</span> <span class='ocrx_word' id='word_1_180' title='bbox 507 3808 674 3873; x_wconf 89' lang='lat' dir='ltr'>autenticis</span> <span class='ocrx_word' id='word_1_181' title='bbox 696 3813 878 3874; x_wconf 89' lang='lat' dir='ltr'>sanctorum</span> <span class='ocrx_word' id='word_1_182' title='bbox 903 3809 1152 3894; x_wconf 85' lang='lat' dir='ltr'>»Principatus‹.</span> 
     </span>
     <span class='ocr_line' id='line_1_31' title="bbox 298 3907 950 3996; baseline 0.012 -23"><span class='ocrx_word' id='word_1_183' title='bbox 298 3907 386 3976; x_wconf 85' lang='lat' dir='ltr'>illius</span> <span class='ocrx_word' id='word_1_184' title='bbox 407 3911 495 3976; x_wconf 90' lang='lat' dir='ltr'>chori</span> <span class='ocrx_word' id='word_1_185' title='bbox 517 3912 648 3996; x_wconf 86' lang='lat' dir='ltr'>spiritus</span> <span class='ocrx_word' id='word_1_186' title='bbox 670 3935 741 3978; x_wconf 90' lang='lat' dir='ltr'>curn</span> <span class='ocrx_word' id='word_1_187' title='bbox 763 3915 950 3980; x_wconf 85' lang='lat' dir='ltr'>iubilatione</span> 
     </span>
     <span class='ocr_line' id='line_1_32' title="bbox 298 4012 959 4100; baseline 0.008 -19"><span class='ocrx_word' id='word_1_188' title='bbox 298 4012 443 4082; x_wconf 82' lang='lat' dir='ltr'>Universi</span> <span class='ocrx_word' id='word_1_189' title='bbox 465 4023 678 4083; x_wconf 80' lang='lat' dir='ltr'>convenerunt</span> <span class='ocrx_word' id='word_1_190' title='bbox 700 4023 732 4084; x_wconf 85' lang='lat' dir='ltr'>et</span> <span class='ocrx_word' id='word_1_191' title='bbox 757 4021 959 4100; x_wconf 83' lang='lat' dir='ltr'>exultatione,</span> 
     </span>
    </p>

    <p class='ocr_par' dir='ltr' id='par_1_10' title="bbox 219 4107 1128 4528">
     <span class='ocr_line' id='line_1_33' title="bbox 219 4107 1128 4208; baseline 0.007 -24"><span class='ocrx_word' id='word_1_192' title='bbox 219 4135 273 4174; x_wconf 76' lang='lat'>⁷⁶¹⁰</span> <span class='ocrx_word' id='word_1_193' title='bbox 298 4119 374 4186; x_wconf 80' lang='lat' dir='ltr'>Cum</span> <span class='ocrx_word' id='word_1_194' title='bbox 396 4123 513 4208; x_wconf 81' lang='lat' dir='ltr'>gaudio</span> <span class='ocrx_word' id='word_1_195' title='bbox 536 4124 741 4208; x_wconf 83' lang='lat' dir='ltr'>suscipientes</span> <span class='ocrx_word' id='word_1_196' title='bbox 764 4123 899 4190; x_wconf 89' lang='lat' dir='ltr'>Mariam</span> <span class='ocrx_word' id='word_1_197' title='bbox 921 4107 1056 4192; x_wconf 77' lang='lat' dir='ltr'>matrem</span> <span class='ocrx_word' id='word_1_198' title='bbox 1079 4127 1128 4192; x_wconf 90' lang='lat' dir='ltr'>dei</span> 
     </span>
     <span class='ocr_line' id='line_1_34' title="bbox 297 4223 1071 4314; baseline 0.006 -22"><span class='ocrx_word' id='word_1_199' title='bbox 297 4223 332 4292; x_wconf 89' lang='lat' dir='ltr'>In</span> <span class='ocrx_word' id='word_1_200' title='bbox 353 4228 481 4312; x_wconf 87' lang='lat' dir='ltr'>hymnis</span> <span class='ocrx_word' id='word_1_201' title='bbox 503 4231 599 4314; x_wconf 59' lang='lat' dir='ltr'>amne</span> <span class='ocrx_word' id='word_1_202' title='bbox 622 4231 752 4295; x_wconf 87' lang='lat' dir='ltr'>canticis</span> <span class='ocrx_word' id='word_1_203' title='bbox 775 4229 832 4296; x_wconf 90' lang='lat' dir='ltr'>hec</span> <span class='ocrx_word' id='word_1_204' title='bbox 854 4233 999 4297; x_wconf 88' lang='lat' dir='ltr'>dicebant</span> <span class='ocrx_word' id='word_1_205' title='bbox 1022 4233 1071 4297; x_wconf 90' lang='lat' dir='ltr'>ei:</span> 
     </span>
     <span class='ocr_line' id='line_1_35' title="bbox 299 4329 1057 4422; baseline 0.011 -27"><span class='ocrx_word' id='word_1_206' title='bbox 299 4329 383 4406; x_wconf 74' lang='lat' dir='ltr'>»Qus</span> <span class='ocrx_word' id='word_1_207' title='bbox 405 4337 454 4396; x_wconf 85' lang='lat' dir='ltr'>est</span> <span class='ocrx_word' id='word_1_208' title='bbox 474 4335 536 4399; x_wconf 88' lang='lat' dir='ltr'>ista</span> <span class='ocrx_word' id='word_1_209' title='bbox 558 4338 698 4419; x_wconf 86' lang='lat' dir='ltr'>speciosa</span> <span class='ocrx_word' id='word_1_210' title='bbox 721 4337 811 4421; x_wconf 83' lang='lat' dir='ltr'>virgo</span> <span class='ocrx_word' id='word_1_211' title='bbox 835 4361 895 4422; x_wconf 86' lang='lat' dir='ltr'>que</span> <span class='ocrx_word' id='word_1_212' title='bbox 917 4339 1057 4403; x_wconf 89' lang='lat' dir='ltr'>ascendit</span> 
     </span>
     <span class='ocr_line' id='line_1_36' title="bbox 297 4433 1047 4528; baseline 0.013 -28"><span class='ocrx_word' id='word_1_213' title='bbox 297 4433 383 4502; x_wconf 86' lang='lat' dir='ltr'>Sicut</span> <span class='ocrx_word' id='word_1_214' title='bbox 405 4437 484 4502; x_wconf 85' lang='lat' dir='ltr'>fumi</span> <span class='ocrx_word' id='word_1_215' title='bbox 507 4440 641 4526; x_wconf 81' lang='lat' dir='ltr'>virgula,</span> <span class='ocrx_word' id='word_1_216' title='bbox 665 4442 710 4506; x_wconf 90' lang='lat' dir='ltr'>sic</span> <span class='ocrx_word' id='word_1_217' title='bbox 732 4441 778 4506; x_wconf 88' lang='lat' dir='ltr'>ire</span> <span class='ocrx_word' id='word_1_218' title='bbox 800 4465 862 4528; x_wconf 94' lang='lat' dir='ltr'>quo</span> <span class='ocrx_word' id='word_1_219' title='bbox 885 4443 1047 4510; x_wconf 82' lang='lat' dir='ltr'>intendit?</span> 
     </span>
    </p>
   </div>
   <div class='ocr_carea' id='block_1_5' title="bbox 0 0 1528 4922">
    <p class='ocr_par' dir='ltr' id='par_1_11' title="bbox 0 0 1528 4922">
     <span class='ocr_line' id='line_1_37' title="bbox 0 0 1528 4922; baseline 0 0"><span class='ocrx_word' id='word_1_220' title='bbox 0 0 1528 4922; x_wconf 95' lang='lat' dir='ltr'> </span> 
     </span>
    </p>
   </div>
  </div>
 </body>
</html>
