3026 4934
683 371 744 441 271

142 545 183 602 De
200 544 299 618 palme
315 549 345 603 et
362 547 398 604 de
415 547 493 605 fonte
511 551 552 606 79.
726 589 729 595 ,

138 634 219 700 Quod
238 635 356 706 angelus
374 635 476 692 attulit
493 637 533 692 eie
552 654 639 708 penes
659 639 701 695 79.

138 721 219 789 Quod
237 723 340 778 buhele
358 726 387 778 et
406 739 487 779 oerve
504 741 532 780 ee
550 725 714 781 obtulerunt
733 725 770 780 ed
788 725 972 797 mulgendum
990 726 1033 782 80.

138 809 218 876 Quod
237 810 351 866 arbores
369 812 398 865 et
415 809 501 867 herbe
519 812 678 869 odorabunt
696 813 790 868 lenum
809 813 851 868 80.

140 897 182 952 De
199 898 356 955 latronibus
374 915 442 968 quoe
459 898 620 955 inciderunt
637 901 680 956 80.

140 986 219 1051 Quod
238 986 325 1042 nobee
343 987 467 1057 protexit
484 1004 530 1044 eon
548 1005 567 1044 e
585 989 677 1046 calore
695 989 760 1046 eolie
778 987 820 1044 81.

141 1073 220 1140 Quod
240 1091 305 1132 even
323 1074 490 1130 eulntebent
507 1075 602 1152 lenum
620 1075 661 1130 82.

145 1160 224 1226 Quod
242 1161 291 1218 rin
308 1162 477 1218 abbreviata
494 1165 537 1218 eet
554 1163 594 1218 eie
612 1165 655 1220 82.

143 1249 185 1304 De
202 1249 302 1308 arbore
318 1250 424 1321 pereieo
441 1266 496 1320 que
514 1249 663 1306 inclinavit
684 1267 713 1306 ee
731 1249 774 1306 88.

142 1336 221 1402 Quod
239 1338 317 1394 idolo
335 1338 521 1410 Egyptiornm
541 1339 702 1396 oeciderunt
720 1339 763 1395 84.

142 1424 221 1490 Quod
239 1426 296 1482 dux
313 1425 479 1484 Affrodieiue
498 1427 588 1500 primo
606 1427 737 1498 oognovit
755 1427 849 1482 Jeeum
867 1427 910 1482 85.

142 1511 221 1578 Quod
239 1512 296 1569 dux
314 1513 479 1572 dffrodieine
497 1513 606 1572 invenit
624 1531 741 1586 puerum
759 1515 854 1570 Jeeum
872 1513 915 1568 86.

142 1600 223 1666 Quod
242 1601 332 1658 omnie
349 1602 429 1674 plebe
448 1603 531 1658 liniue
549 1602 676 1659 divitatis
694 1601 825 1659 edotavit
842 1601 938 1656 lenum
956 1601 999 1656 87.

142 1688 247 1760 Joeeph
264 1689 394 1746 nnmvit
411 1706 526 1746 eonem
544 1690 588 1747 rie
605 1707 654 1746 ene
669 1691 712 1746 87.

143 1775 224 1843 Quod
243 1777 357 1850 Egyptii
375 1779 548 1850 collegerunt
565 1779 668 1850 Joeeph
686 1777 808 1848 hospitio
830 1779 871 1832 87.

145 1863 224 1930 Quod
244 1863 346 1936 tereph
364 1869 470 1938 reptem
489 1867 571 1922 ennio
589 1866 694 1922 monuit
711 1865 742 1920 in
761 1865 873 1936 Egypto
891 1864 932 1919 88.

143 1951 255 2016 Qntnte
271 1952 357 2008 etetie
374 1953 462 2009 fuerit
478 1970 547 2024 puer
566 1953 646 2008 Jeeue
664 1969 726 2007 oum
745 1951 820 2022 oepit
839 1950 984 2010 ambulare
1002 1952 1043 2008 88.

143 2038 255 2105 Quunte
271 2040 356 2096 etetie
374 2040 461 2096 luerit
478 2057 543 2096 oum
561 2040 638 2111 loqui
657 2040 731 2111 oepit
748 2041 791 2096 88.

146 2125 188 2182 De
206 2127 399 2184 oblectatione
416 2128 495 2200 pueri
512 2128 579 2185 Jeeu
596 2129 638 2184 89.

146 2213 220 2280 Quid
237 2213 317 2270 Jeme
336 2215 398 2286 egit
416 2219 480 2287 poet
499 2216 592 2272 deeenr
611 2233 700 2272 ennon
717 2215 759 2271 89.

146 2301 188 2358 De
205 2303 346 2359 mimoulio
364 2319 418 2374 que
436 2305 502 2360 seuit
520 2321 589 2376 puer
606 2304 685 2361 Jeeue
703 2304 733 2358 in
754 2303 866 2374 Egypto
884 2303 927 2358 90.

145 2389 224 2455 Quod
242 2390 321 2447 Jeeoe
339 2391 472 2448 liber-evit
490 2409 607 2464 puerum
627 2411 644 2448 e
662 2394 792 2462 serpente
811 2391 853 2446 90.

145 2477 224 2544 Quod
241 2478 320 2534 Jeene
338 2479 541 2551 multiplionvit
559 2495 644 2550 penee
662 2479 705 2534 90.

146 2565 225 2632 Quod
243 2567 334 2623 Meris
351 2567 406 2623 dee
422 2583 480 2623 enee
497 2566 643 2622 dicebatur
661 2569 690 2622 et
707 2565 787 2622 Jeeue
806 2564 883 2621 Jovie
901 2579 960 2619 eene
978 2563 1143 2619 credebatur
1163 2563 1205 2618 90.

147 2653 226 2719 Quod
242 2655 321 2725 pueri
340 2655 526 2726 Egyptiorum
543 2655 669 2710 leoerunt
688 2671 805 2726 puerum
824 2653 919 2708 lenum
937 2668 1031 2722 regem
1051 2649 1093 2705 91.

145 2744 186 2799 De
206 2742 300 2799 reditu
317 2743 420 2814 Joeeph
438 2743 468 2799 in
486 2745 605 2800 Judeem
624 2744 668 2799 91.
1185 2739 1188 2748 “

147 2831 226 2898 Quod
245 2831 361 2904 Egyptii
380 2831 506 2888 leeerunt
522 2831 660 2910 imagines
678 2831 767 2886 Merie
785 2833 814 2885 et
832 2829 897 2884 leeu
915 2830 959 2884 91.

148 2920 228 2986 Quod
245 2920 326 2976 Jeeue
343 2936 467 2975 revereue
484 2921 527 2974 eet
544 2919 575 2973 in
593 2917 712 2974 Jndeem
734 2919 775 2974 92.

146 3007 225 3074 Quod
244 3007 334 3063 llario.
351 3024 414 3062 oum
431 3007 489 3064 dlio
506 3023 555 3064 euo
574 3006 652 3062 venit
671 3005 812 3062 Nazareth
829 3005 873 3062 92.

147 3093 188 3150 De
205 3094 314 3151 invidie
331 3094 483 3150 Judeorum
500 3098 599 3152 eontra
617 3111 733 3164 puerum
752 3093 848 3148 Jeeum
867 3094 911 3148 93.

146 3181 226 3248 Quod
244 3181 323 3237 leone
340 3183 456 3252 collegit
473 3183 559 3237 metri
578 3198 626 3236 oue
644 3181 746 3238 herbas
766 3183 810 3236 94.

147 3267 188 3324 De
205 3287 382 3341 equaquam
399 3271 526 3341 porterit
541 3285 611 3340 puer
628 3269 706 3324 Jeeue
724 3270 754 3324 in
774 3268 884 3339 prendo
902 3270 944 3324 95.

147 3357 189 3412 De
206 3373 293 3428 puero
310 3359 431 3428 quodem
448 3375 530 3428 quem
548 3357 697 3412 euenitnvit
714 3357 794 3412 Jeeue
813 3375 830 3411 e
849 3357 967 3412 mortuis
987 3357 1028 3412 96.

148 3443 227 3510 Quod
244 3443 324 3500 Jeene
341 3447 479 3502 hahendo
496 3445 678 3516 prolongavit
697 3445 777 3516 ligne
794 3447 836 3500 97.

147 3532 227 3598 Quod
244 3532 324 3588 Jeeue
342 3533 485 3604 suspendit
503 3535 641 3591 emiorum
660 3551 740 3590 ouum
758 3550 841 3604 super
859 3531 970 3588 redium
990 3532 1055 3588 solie
1074 3531 1116 3586 98.

148 3620 227 3687 Quod
245 3637 315 3690 puer
333 3620 411 3676 Jeene
429 3623 535 3693 poeitue
554 3625 596 3678 eet
616 3623 652 3678 ed
674 3623 763 3679 eoolne
782 3623 827 3678 98.

148 3707 189 3764 De
206 3707 342 3779 pieeioule
359 3725 443 3778 quem
461 3708 527 3765 lenit
546 3727 616 3780 puer
633 3710 712 3766 Jeeue
731 3710 774 3766 98.

148 3797 188 3852 lle
206 3799 319 3852 mortno
336 3811 417 3864 quem
434 3795 583 3851 eueoitevit
601 3796 707 3867 loseph
727 3798 787 3852 101.

148 3882 226 3949 Quod
245 3881 325 3938 Jeeue
342 3883 409 3938 feeit
427 3881 550 3937 nvieulee
567 3881 603 3938 de
620 3883 727 3953 argilla
746 3883 803 3938 102.

149 3970 228 4036 Quod
247 3970 340 4027 leones
358 3969 549 4026 edorevernnt
567 3970 661 4025 Jeeum
681 3971 742 4025 103.

148 4057 189 4114 De
207 4057 306 4114 tunioe
324 4057 389 4113 Jeeu
410 4057 468 4112 105.

148 4145 229 4213 Quod
247 4145 327 4201 Jeeue
344 4144 469 4202 ueoendit
485 4145 639 4202 Jerusalem
658 4163 721 4202 oum
739 4145 884 4202 duodeoim
903 4163 1038 4203 annorum
1058 4151 1130 4204 eeeet
1152 4147 1211 4203 106.

147 4232 190 4288 De
208 4233 336 4304 prolecto
354 4234 419 4288 leeu
439 4235 496 4289 107.

148 4319 191 4376 De
209 4321 420 4392 pulchritudine
437 4321 559 4392 eorporis
577 4320 641 4377 Jeeu
664 4321 724 4377 108.

149 4407 192 4466 De
210 4407 303 4465 oolore
319 4409 390 4464 ontio
407 4411 529 4480 eorporis
547 4409 614 4465 Jeeu
634 4409 693 4466 108.
