3034 4922
681 377 743 442 237

297 551 335 617 ln
356 573 437 622 nove
459 551 549 616 stelle
571 551 672 618 sidere
694 553 919 631 coruscatione,

297 655 504 723 Psallentium
526 678 563 723 ac
585 659 770 742 augelorum
793 657 989 736 iubilatione,

217 783 270 821 τωο
296 761 387 838 Quod
409 763 555 848 plurimis
577 762 739 828 miraculis
761 763 911 828 claruerit
931 763 965 826 in
987 761 1115 840 mundo,

296 867 483 933 Doctrinam
505 889 596 932 snam
617 867 761 932 tribuens
782 867 905 932 cunctis
926 866 1019 952 corde
1041 865 1169 944 mundo,

294 971 499 1038 Infirmitates
520 971 624 1037 varias
647 971 687 1036 ab
710 972 795 1056 egris
817 969 1006 1054 repellendo,

294 1076 433 1142 Infirmis
455 1077 566 1142 multis
588 1077 756 1142 sanitatem
779 1075 947 1160 pristinam
970 1074 1125 1140 reddendo

298 1183 342 1247 Et
364 1181 528 1247 defunctos
551 1179 667 1246 fetidos
690 1203 709 1245 a
731 1185 834 1246 morte
856 1180 1046 1260 suscitando,

221 1305 274 1342 νοω
300 1285 420 1350 Multos
443 1285 641 1350 demoniacos
664 1285 866 1369 leprososque
888 1285 1036 1349 curando

295 1390 403 1456 Mente
425 1390 621 1474 stupefactus
644 1412 714 1454 snm
737 1389 794 1454 hee
816 1393 929 1454 cuncta
951 1411 1022 1454 cum
1044 1391 1195 1472 audirem,

294 1495 362 1574 Que
382 1496 451 1560 siue
472 1495 530 1560 deo
552 1495 621 1561 fieri
642 1517 841 1580 nequequam
864 1495 939 1579 quia
960 1495 1082 1563 scirem.

295 1598 356 1668 sed
378 1606 485 1666 tamen
508 1622 527 1666 a
549 1605 581 1666 te
602 1601 717 1666 certior
738 1599 807 1666 fieri
829 1600 972 1684 deposco,

294 1705 379 1772 Nam
401 1727 492 1778 auam
514 1705 714 1771 secretariam
737 1708 770 1772 te
790 1705 889 1770 fuisse
910 1727 1015 1771 nosco.

218 1830 270 1868 nso
295 1812 339 1878 Et
360 1815 397 1877 tu
418 1810 606 1876 familiarior
628 1811 738 1895 ntique
760 1809 851 1876 fonti

296 1914 372 1996 Sibi,
396 1939 470 1982 nem
492 1920 611 1984 secreta
633 1938 691 1982 sus
713 1919 826 1981 cuncta
847 1919 884 1980 tu
906 1913 1035 1981 scivisti.

296 2020 416 2088 Idcirco
439 2021 499 2086 tibi
521 2022 674 2106 placitum
696 2021 723 2086 si
745 2020 852 2099 fuerit,
876 2023 908 2084 et
928 2041 1016 2084 mens

296 2126 451 2214 Magister
473 2126 533 2192 hoc
554 2127 707 2192 concessit
729 2124 892 2191 lohannes
914 2123 1081 2202 Zebedeus,

295 2230 366 2317 Ego
388 2254 460 2296 cum
480 2230 660 2316 Neophytis
683 2230 827 2314 plurimis
849 2231 955 2294 venire

223 2352 272 2392 τοῦ
298 2336 348 2400 Ad
371 2341 403 2402 te
425 2337 497 2402 volo
519 2336 686 2402 veritatem
707 2359 727 2400 a
748 2339 845 2400 temet
868 2334 984 2400 andire.

295 2439 381 2507 Ante
402 2441 463 2506 tibi
484 2441 623 2506 scribens
645 2441 703 2506 hec
725 2441 833 2505 eadem
855 2438 1013 2518 mandavi,

295 2545 338 2609 Et
359 2545 419 2610 hoc
441 2546 544 2630 ipsum
568 2544 733 2628 postulans
757 2543 938 2608 dulcissima
959 2543 1079 2628 rogavi.

294 2648 383 2727 Vela,
406 2650 460 2735 pis
480 2649 617 2729 domina,
642 2672 697 2734 per
719 2655 751 2714 te
773 2648 979 2726 consolemur,

296 2753 341 2820 Ut
363 2755 396 2818 in
419 2754 481 2819 fide
502 2755 551 2820 tui
572 2754 632 2820 filii
653 2753 731 2820 Jesu
753 2753 997 2820 confortemur<

196 3070 297 3156 Quod
318 3073 438 3149 Maria
463 3075 653 3170 rescripsit
680 3073 879 3169 epistulam
908 3075 1039 3146 sancto
1067 3071 1224 3182 ignatio

225 3301 274 3340 roeo
298 3283 402 3350 Maria
422 3286 514 3371 virgo
536 3285 585 3350 dei
607 3287 709 3350 mater
731 3281 858 3369 Ignatio
880 3282 1041 3366 rescripsit

295 3389 482 3474 Epistolam,
506 3412 600 3476 qnam
623 3391 693 3474 ipsa
714 3389 805 3470 virgo
827 3410 923 3453 manu
947 3409 1004 3452 sna
1026 3385 1162 3469 scripsit.

241 3483 246 3494 ¹
296 3493 398 3560 Tener
420 3500 527 3561 autem
549 3493 623 3560 talis
645 3497 714 3560 erat
735 3493 877 3578 epistole,
900 3515 996 3577 quam
1018 3491 1073 3576 pia

296 3597 397 3687 Virgo
419 3601 469 3667 (lei
491 3601 659 3686 scripserat
679 3603 712 3665 et
732 3597 872 3685 genitrix
895 3596 1017 3662 Meris:

417 3915 571 3990 Exitum
591 3916 669 3990 sive
695 3919 806 3990 tenor
832 3913 997 4010 epistole.

298 4123 380 4192 »Suo
402 4125 614 4210 condiscipulo
636 4123 764 4211 Ignatio
786 4125 909 4202 dilecto,

223 4245 271 4284 τοῦδ
296 4231 345 4296 Ad
368 4230 441 4296 fidei
462 4231 616 4296 catholice
637 4230 776 4316 gratiam
798 4230 906 4308 electo,

296 4333 433 4400 Humilis
455 4334 569 4400 ancilla
591 4334 710 4400 Christi
731 4333 835 4400 Maria
857 4334 1001 4414 salntem,

296 4437 339 4504 llt
360 4439 401 4504 ad
424 4461 494 4506 vere
517 4439 589 4506 fidei
612 4439 763 4524 proficere
783 4439 949 4504 virtutem!
