3072 4936
703 425 744 492 87

145 601 338 689 ignobilium
374 601 461 665 illius
493 599 693 683 'reperiantur
729 597 877 662 nominis.
924 595 1006 661 Sunt
1040 597 1124 662 euim
1160 596 1300 662 Ruhiani

146 707 269 772 nobiles
286 711 375 771 trans
391 705 585 782 Danubium,
609 727 681 768 suas
698 701 910 787 possessiones
926 725 1022 786 super
1038 703 1142 786 ripam
1157 703 1299 768 fluminis

146 812 211 876 llot
234 810 398 887 habentes
423 833 442 874 a
463 833 526 894 quo
542 809 672 873 flumine
696 829 810 872 nomen
835 807 965 871 habent.
1012 805 1094 871 Sunt
1117 811 1149 872 et
1166 807 1299 874 Basileae

146 917 302 982 militares
325 915 393 979 eius
409 915 547 979 nominis
571 916 610 979 da
632 920 736 980 castro
760 913 826 978 Rot
848 936 945 998 prope
960 911 1120 977 Basileam
1143 913 1189 976 sio
1204 913 1299 988 dioti3

146 1027 222 1086 sunt
237 1025 270 1086 et
285 1019 457 1085 Florentiae
474 1024 618 1104 potentes
634 1017 776 1083 Rubiani
791 1019 954 1103 ingentem
967 1018 1118 1083 facientes
1133 1017 1298 1082 familiam.

147 1126 237 1192 luter
260 1147 369 1190 omnes
385 1124 464 1188 istos
488 1123 590 1188 nostri
608 1123 747 1187 Rubiani
771 1127 937 1188 stemmate
951 1123 1073 1208 insigni
1096 1128 1172 1188 sunt
1186 1123 1298 1209 singu·

147 1232 232 1296 lares
264 1230 347 1316 quod
379 1233 496 1314 praeter
518 1219 717 1294 unicornium
749 1229 916 1314 praecipuis
949 1227 1108 1294 coloribus
1141 1250 1235 1293 aureo
1269 1233 1302 1294 et

145 1336 252 1422 nigro,
275 1340 331 1400 aut
347 1335 421 1399 albo
445 1339 478 1398 et
493 1332 587 1418 nigro
610 1333 732 1398 habent
746 1338 944 1398 exornatum.
990 1331 1027 1398 In
1052 1337 1178 1398 tantum
1193 1338 1300 1398 autem

146 1441 223 1505 olim
257 1462 389 1504 numero
413 1445 445 1504 et
478 1439 597 1504 divitiis
622 1440 846 1517 abundabant,
879 1444 916 1506 ut
938 1443 1028 1504 extra
1050 1438 1187 1506 Ulmam'
1211 1435 1299 1504 sedes

147 1549 327 1630 quaererent
358 1543 521 1609 nobilitati
554 1567 727 1628 congruas3
758 1547 841 1608 unde
873 1545 905 1608 in
937 1545 1049 1610 eastris
1081 1545 1298 1629 Bemikyroh¹

146 1657 179 1715 et
202 1647 468 1716 Schreclrastein²
501 1647 663 1714 habitasse
687 1654 799 1713 notum
822 1655 879 1714 eat.
911 1649 1018 1735 sieque
1051 1650 1142 1735 quasi
1163 1650 1197 1714 in
1221 1651 1298 1714 duas

145 1754 286 1820 familias
320 1755 412 1819 divisi
437 1755 477 1818 ab
511 1747 643 1839 antiquo
672 1757 801 1819 luerunt
832 1757 933 1820 nostri
958 1755 1098 1820 Rubiani
1130 1755 1236 1820 devoti
1259 1755 1299 1818 ad

146 1863 344 1924 sacramenta
373 1860 538 1925 dominicas
572 1858 738 1944 passionis
785 1859 877 1925 Unde
910 1859 1004 1925 huius
1026 1860 1158 1925 familiae
1181 1859 1242 1925 viri
1265 1861 1298 1922 in

146 1967 229 2031 festo
262 1965 402 2049 corporis
426 1965 545 2031 Christi
577 1965 636 2028 soli
660 1970 734 2031 ante
767 1965 966 2030 eucharistia
993 1971 1226 2030 sacramentum
1248 1965 1299 2030 in-

147 2071 254 2156 signia
283 2071 449 2135 domiuioae
480 2071 634 2154 passionis
668 2075 815 2154 portant,
847 2071 915 2134 sine
939 2071 1093 2155 prodigiis
1123 2071 1194 2135 aliis
1226 2093 1298 2134 cum

149 2197 269 2258 magna
284 2175 479 2252 maturitate,
504 2198 561 2239 neo
576 2175 736 2239 sustinent
759 2177 849 2239 ludos
872 2180 928 2239 aut
943 2177 1124 2259 spectacula
1140 2175 1204 2240 alia
1219 2175 1296 2252 fieri,

146 2283 198 2345 sed
225 2281 327 2364 ipsam
358 2280 590 2364 processionem
613 2283 711 2344 totam
737 2281 857 2344 ducunt
891 2285 1044 2364 tanquam
1074 2279 1135 2344 sibi
1165 2281 1298 2364 antiquo

147 2387 218 2450 iure
240 2385 501 2450 commendatam,
889 2393 892 2400 '

622 2575 822 2643 Strenua

233 2717 476 2783 Strlilinensium
509 2714 665 2780 nobilium
700 2717 817 2780 civium
850 2717 1041 2783 ulmensium
1075 2719 1299 2804 antiquissima

143 2823 268 2887 familia
298 2845 411 2887 nomen
440 2821 568 2907 quidem
593 2820 817 2884 diminutivum
841 2821 955 2900 habet,
979 2824 1033 2887 sed
1057 2847 1123 2888 rem
1145 2825 1299 2910 grandem

145 2935 179 2993 at
202 2927 355 2992 familiam
387 2927 550 3011 ingentem
584 2925 753 3011 significat.
800 2925 885 2990 Nam
918 2927 1060 2993 omnium
1091 2929 1297 3014 antiquorum

145 3033 302 3100 relatione
330 3040 362 3098 et
385 3034 549 3098 literarum
572 3032 775 3096 denotatione
811 3037 843 3096 et
865 3031 1076 3098 habitationis
1099 3033 1297 3100 demonstra-

146 3139 235 3204 tione
250 3139 333 3204 inter
349 3137 549 3203 Ulmensium
566 3139 721 3222 ingenuas
743 3137 882 3202 familias
898 3138 1035 3202 advenas
1051 3139 1118 3204 haec
1135 3142 1297 3226 antiquior

144 3250 178 3310 et
193 3244 355 3329 potentior
377 3249 473 3330 atque
489 3244 585 3308 ditior
607 3247 640 3307 et
663 3265 717 3326 per
735 3243 955 3326 consequens⁴
980 3243 1118 3307 nobilior
1139 3245 1299 3330 dignosci-

145 3355 210 3414 tur.
243 3371 315 3413 nam
338 3349 513 3434 antiquitas
536 3349 662 3432 generis
692 3349 845 3412 indicium
868 3352 988 3412 certum
1018 3349 1097 3412 facit
1120 3349 1299 3414 nobilitatis

147 3455 222 3540 (fae.
248 3455 266 3520 Ι.
292 3459 460 3518 stemmata
483 3475 555 3518 eum
577 3453 623 3517 ibi
647 3457 759 3517 notata
787 3453 915 3537 [digest.
941 3453 996 3517 lib.
1020 3455 1072 3518 38.
1097 3454 1147 3518 tit.
1176 3457 1236 3538 10.]
1261 3456 1299 3521 de

145 3559 250 3644 gradu
274 3557 443 3624 affinitatis
455 3559 491 3644 ⁶).
540 3559 664 3624 Prodiit
688 3563 795 3624 autem
817 3559 885 3623 haeo
907 3557 1032 3623 familia
1054 3561 1085 3623 in
1110 3558 1258 3625 Sueviam
1280 3585 1299 3624 a

713 3693 730 3730 ᾔ

219 3794 230 3846 l
255 3791 418 3860 Bemikyrch
437 3791 511 3848 Mon.
530 3793 554 3845 2.
588 3791 757 3847 Bamilrllreh
776 3791 875 3848 Schad.
910 3793 1070 3850 Bemelrireh
1090 3795 1176 3850 Woll.
1210 3795 1300 3850 Bemi·

144 3879 225 3933 kireh
239 3879 307 3933 Golr.
321 3879 443 3934 Schmid.
458 3879 502 3934 Kl.
520 3879 594 3935 aas.
611 3880 807 3936 Barnenkr'ireh
822 3881 907 3936 Wibl.
945 3883 1157 3948 thmeakirch
1178 3885 1299 3940 Marktll.

146 3967 200 4020 anf
215 3967 265 4022 der
286 3967 346 4032 Alb,
368 3967 424 4023 ΟΑ.
438 3969 609 4038 Geislingen‚
629 3987 651 4024 s.
670 3987 695 4024 o.
715 3987 769 4023 von
788 3970 996 4025 Weissenstein.
1069 3973 1085 4025 2
1103 3975 1131 4026 et
1150 3971 1298 4027 Sehreelra-

145 4054 221 4108 stein
247 4054 320 4110 Mon.
345 4055 368 4108 2.
395 4055 464 4110 Gok.
492 4055 563 4110 Besa.
591 4057 621 4110 et
645 4056 877 4111 Schraekhastein
905 4057 990 4114 Woll.
1016 4061 1046 4114 et
1070 4059 1297 4114 Schreclreustein

148 4141 248 4197 Schad.
269 4142 310 4198 lll.
333 4143 390 4197 und
402 4143 650 4198 Schreokhenatain
664 4143 752 4200 Wibl.
771 4145 828 4198 und
849 4145 1076 4200 Schreelrenstein
1090 4145 1212 4200 Schmid.
1233 4147 1298 4216 (Wo

146 4229 376 4286 Schreckenatein
395 4229 467 4299 liegt
484 4229 552 4286 oder
571 4231 626 4300 lag,
645 4229 751 4288 konnta
770 4231 839 4286 noch
859 4231 938 4286 nicht
956 4233 1147 4302 autgefunden
1168 4233 1299 4301 werden.)

147 4319 165 4372 3
185 4317 224 4372 Do
243 4315 470 4372 Strdlinensibus.
490 4317 564 4374 Mon.
582 4319 607 4371 2.
629 4317 711 4374 Woll.
731 4317 800 4373 aon.
827 4317 899 4372 Besa.
919 4317 1045 4374 Strtlinn
1064 4319 1185 4376 Sabmid.
1224 4319 1299 4374 Stro-

148 4403 269 4459 leusium
291 4403 375 4458 Wibl.
394 4405 516 4460 Sehmid.
588 4407 604 4460 4
622 4423 673 4476 per
698 4423 792 4462 omnes
812 4405 897 4461 Wibl.
923 4407 1042 4462 Schmid.
1068 4426 1117 4478 per
1140 4425 1299 4464 communes

145 4491 246 4547 Schad.
265 4491 310 4546 Kl.
329 4509 379 4562 per
396 4509 485 4562 genua
499 4493 568 4548 Gela.
583 4493 654 4547 Besa.
703 4493 807 4548 biaeit
826 4495 844 4548 l.
865 4497 1020 4550 stemmata
1045 4495 1118 4550 Mon.
1131 4495 1155 4549 2.
1174 4493 1261 4550 faciet
1280 4495 1300 4548 l.

1048 4601 1093 4654 60
