3072 4936
684 357 747 422 145

139 533 244 599 nihilo
267 534 372 599 minus
396 533 569 599 dominium
587 532 770 618 Hochberg,
794 553 908 617 parum
923 528 1129 596 Ulmensibus
1152 529 1289 610 solvens,

137 643 172 705 ct
194 645 305 725 postea
337 639 409 705 duci
432 639 578 704 Bavariae
608 637 864 703 marchionatum
889 635 1028 720 Burgow
1050 635 1289 721 impignoravit,

137 749 247 830 sicque
269 743 437 810 Ulmenses
460 745 673 809 conterminos
695 745 838 810 sentiunt
865 743 1020 810 inimicos.
1067 742 1118 808 Ad
1141 743 1288 826 antiquos

138 849 309 940 Ulmenses
325 851 497 933 regrediar.
543 849 623 914 Cum
638 850 723 914 euim
745 854 781 914 ut
797 849 862 912 dixi
878 849 1040 914 civitatem
1056 872 1146 914 suam
1160 849 1289 912 fossatis

82 1003 88 1013 .
136 959 172 1020 et
193 955 293 1020 muris
316 956 490 1021 cinxissent
519 960 552 1022 et
574 955 737 1020 ecclesiam
766 955 869 1020 beatas
892 952 1038 1040 Virginis
1062 955 1235 1019 erexissent
1256 944 1380 1023 sulit.

137 1061 286 1126 inimicos
298 1083 371 1126 suos
384 1061 535 1126 vicissent
551 1065 583 1124 et
595 1060 735 1126 dominia
747 1061 905 1139 emissent,
922 1082 1018 1144 seque
1029 1083 1049 1124 a
1061 1060 1289 1124 monachorum

139 1167 219 1251 iugo
241 1167 448 1247 liberassent,
476 1171 509 1232 et
531 1167 638 1231 omnia
659 1165 716 1232 illa
739 1165 835 1230 simul
858 1170 891 1230 et
912 1165 1008 1230 semel
1032 1169 1180 1249 agerent,
1212 1164 1289 1228 facti

140 1277 218 1336 sunt
233 1271 401 1338 Ulmenses
416 1272 613 1356 principibus
630 1270 776 1336 omnibus
792 1270 1019 1336 formidabiles.
1065 1268 1157 1336 Unde
1180 1291 1290 1335 eorum

138 1377 286 1443 inimicos
310 1378 580 1463 persequebantur
610 1376 706 1459 longe
728 1377 854 1460 lateque
882 1379 915 1441 et
936 1376 968 1440 in
992 1376 1085 1440 terris
1109 1376 1288 1459 principum

136 1483 284 1548 Bavariae
316 1487 348 1548 et
378 1483 491 1547 ducum
516 1480 656 1546 Austriae
690 1485 723 1546 et
744 1481 964 1546 marchionum
995 1480 1033 1544 de
1056 1479 1290 1565 Braudenhurg

137 1593 171 1652 et
194 1587 304 1652 Baden
335 1591 367 1651 et
389 1587 541 1651 comitum
563 1586 601 1651 de
624 1583 833 1669 Wirtenberg
855 1584 1023 1668 capiebant
1054 1607 1128 1649 suos
1158 1587 1289 1650 ramulos

137 1693 237 1758 etiam
259 1691 400 1771 nobiles,
435 1712 551 1774 eosque
574 1689 704 1756 Ulmam
736 1691 886 1754 ducentes
917 1690 1076 1774 condigna
1107 1689 1290 1774 plectebant

136 1820 244 1882 poena.
267 1819 325 1862 nec
347 1801 417 1862 erat
439 1796 585 1881 princeps
608 1795 724 1880 aliquis
747 1796 801 1880 qui
824 1796 869 1860 eis
892 1794 1011 1860 bellum
1033 1795 1170 1860 indicere
1193 1817 1289 1860 ausus

137 1903 261 1968 fuisset.
306 1885 400 1968 Unde
431 1902 528 1966 etiam
559 1901 704 1985 quaedam
736 1900 806 1964 loca
837 1900 870 1964 in
903 1901 997 1964 terris
1026 1901 1206 1986 principum
1229 1903 1288 1966 sub

139 2009 277 2072 tuitione
299 2007 480 2092 principum
509 2030 573 2070 non
597 2029 708 2071 secura
730 2005 932 2070 Ulmensium
963 2007 1157 2089 quaesieruut
1180 2006 1293 2071 tuitio-

137 2135 220 2192 nem,
244 2117 281 2176 ut
295 2112 466 2197 Mediugeu
484 2112 711 2176 monasterium
731 2111 832 2176 nostri
849 2111 968 2175 ordinis
991 2133 1090 2196 prope
1104 2111 1293 2196 Laugingen

137 2216 306 2282 Ulmenses
322 2239 396 2282 suos
414 2217 594 2284 defensores
611 2241 678 2284 csse
697 2217 871 2302 elegerunt.
903 2217 989 2282 Dum
1004 2221 1112 2282 autem
1126 2216 1293 2282 Ulmenses

139 2324 185 2388 sic
208 2327 299 2388 extra
315 2329 611 2408 augmentarentur,
634 2325 715 2388 miro
730 2323 824 2388 modo
848 2322 888 2387 ab
911 2322 998 2386 intra
1012 2323 1045 2386 in
1068 2323 1198 2387 civitate
1212 2345 1287 2406 pro-

137 2429 299 2508 fecerunt,
322 2433 354 2493 et
375 2429 674 2513 multiplicabantur
698 2429 824 2508 omnia,
847 2427 967 2492 scilicet
990 2427 1133 2492 homines
1155 2427 1287 2510 nobiles,

137 2533 264 2612 divites,
278 2555 443 2619 pauperes,
460 2535 608 2615 artifices,
626 2534 778 2620 religiosi,
794 2533 910 2613 clerici,
925 2533 1083 2598 scholares
1098 2537 1132 2598 et
1146 2533 1288 2598 omnium
1333 2611 1337 2618 Ι

137 2661 245 2704 rerum
276 2639 415 2725 negotia.
462 2640 545 2717 Quia
576 2640 661 2704 enim
693 2638 905 2706 communitas
927 2661 965 2704 ex
997 2639 1145 2704 dominiis
1173 2639 1288 2723 emptis

136 2745 242 2809 ditata
265 2743 371 2810 luerat
392 2756 424 2810 et
447 2745 556 2810 multae
578 2745 698 2810 divitiae
721 2745 845 2810 civitati
860 2743 1047 2824 affluebant,
1070 2766 1197 2810 necesse
1219 2749 1289 2809 erat

137 2849 346 2934 multiplicari
369 2851 466 2916 etiam
488 2850 642 2916 homines.
675 2849 781 2916 unds¹
814 2849 995 2916 Ecclesiast.
1020 2851 1057 2914 5:
1091 2851 1148 2914 ubi
1177 2851 1288 2915 multae

136 2958 213 3018 sunt
235 2977 320 3038 opes,
342 2953 436 3020 multi
452 2956 549 3021 etiam
572 2956 627 3042 qui
643 2956 812 3022 comedunt
833 2978 904 3032 eas;
928 2955 985 3020 et*
1008 2955 1124 3020 Matth.
1148 2956 1208 3021 24:
1232 2955 1287 3020 ubi

136 3059 235 3124 fuerit
257 3082 370 3145 corpus
393 3061 439 3126 ibi
461 3063 744 3148 congregabuntur
766 3061 890 3146 aquilae.
935 3061 980 3126 Et
1010 3058 1066 3125 ubi
1095 3061 1287 3124 multisunt

138 3165 293 3245 homines,
316 3167 419 3232 multa
441 3173 489 3233 est
503 3168 683 3254 negociatio
706 3171 738 3233 et
760 3168 862 3232 multa
877 3167 1022 3232 artificia.
1067 3165 1160 3232 Unde
1180 3167 1287 3250 plures

137 3270 242 3335 adhuc
264 3271 298 3334 iu
320 3270 469 3338 humanis
491 3259 567 3339 suut
588 3275 627 3339 de
649 3273 800 3358 antiquis,
825 3273 880 3358 qui
903 3273 1109 3337 recordantur
1130 3271 1165 3334 in
1189 3270 1287 3336 Ulma

136 3375 236 3440 luisse
258 3399 323 3441 non
345 3377 474 3443 tertiam
496 3383 621 3463 partem
643 3379 809 3444 hominum
830 3383 863 3444 ot
878 3377 1085 3448 artificiorum
1109 3399 1180 3461 quae
1203 3399 1287 3441 nunc

136 3485 195 3546 est.
226 3503 302 3546 nam
324 3486 398 3548 ante
422 3484 464 3549 70
486 3506 587 3549 annos
609 3483 664 3548 rix
686 3489 778 3548 erant
806 3484 869 3549 duo
890 3484 1025 3568 pistores
1048 3483 1103 3546 ubi
1125 3482 1189 3546 iam
1212 3487 1287 3546 sunt

136 3587 199 3664 20;
223 3609 287 3651 non
309 3588 372 3652 duo
395 3587 568 3669 aurifabri,
601 3589 657 3655 ubi
679 3589 744 3653 iam
766 3592 842 3654 sunt
864 3589 924 3666 203
953 3588 1016 3652 duo
1038 3586 1286 3668 barbitonsores‚

136 3691 463 3772 ubiiamsunt10;
496 3716 578 3758 unus
600 3695 715 3779 hospes
737 3695 793 3760 ubi
816 3695 880 3760 iam
903 3698 979 3759 suut
1001 3695 1062 3771 203
1095 3694 1157 3758 duo
1187 3695 1287 3778 panni

136 3801 292 3878 tonsores,
323 3798 379 3862 ubi
401 3799 466 3864 iam
487 3805 563 3865 sunt
586 3801 645 3878 203
676 3823 758 3866 unus
780 3800 935 3880 medicus,
965 3799 1020 3864 ubi
1042 3800 1106 3863 iam
1129 3803 1205 3864 sunt
1227 3801 1286 3883 30;

135 3925 220 3968 unus
252 3903 416 3984 sacerdos,
445 3901 501 3968 ubi
533 3905 597 3969 iam
627 3911 704 3971 sunt
728 3907 778 3972 10.
824 3905 868 3971 Et
890 3910 965 3970 ante
988 3903 1285 3989 multiplicationem

136 4009 384 4074 universitatum
398 4013 448 4074 tot
470 4015 562 4075 erant
577 4009 671 4076 alieni
694 4012 823 4078 iuvenes
838 4011 1007 4090 scholares,
1031 4014 1110 4095 quot
1125 4011 1190 4074 iam
1211 4013 1288 4074 sunt

136 4113 296 4198 suppositi
312 4113 346 4178 in
369 4114 478 4200 aliqua
494 4116 711 4199 universitate,
735 4122 767 4184 et
781 4117 911 4204 grandis
927 4115 1116 4181 bachantria
1131 4137 1168 4180 ac
1183 4115 1287 4180 nomi-

90 4281 92 4286 .
136 4225 216 4284 nata
238 4223 308 4284 erat
330 4217 443 4286 Ulmae.
489 4219 710 4304 utbreviter,
740 4223 847 4288 omnia
869 4221 1005 4290 artificia
1035 4221 1167 4288 suntin
1189 4219 1287 4304 triplo

707 4363 720 4390 ι

211 4437 224 4491 1
246 4434 297 4492 Die
314 4437 397 4494 stelle
414 4437 453 4494 iat
471 4437 548 4509 pred.
567 4437 671 4496 Salem.
690 4393 716 4506 5,
734 4458 760 4497 v.
782 4443 821 4496 10.
893 4439 910 4492 2
930 4439 1033 4494 Matth.
1051 4439 1086 4494 24
1105 4455 1130 4493 v.
1149 4437 1193 4494 28.
