3060 4936
784 387 847 455 184

238 563 407 630 missarum
439 561 659 648 religiosarum
697 566 881 650 detegerent
913 560 1093 648 arguendo,
1132 566 1330 633 obsecrando
1363 573 1396 634 et

237 669 445 755 increpando,
480 673 516 733 ut
538 669 585 733 sio
608 668 727 734 virtute
749 670 848 734 divini
876 669 964 734 verbi
986 669 1122 735 materia
1144 678 1393 756 praepararetur,

239 777 323 862 qnod
334 771 336 778 ’
346 777 379 840 ct
394 774 454 839 Dei
477 773 583 859 gratia
598 771 720 838 factum
741 773 816 853 fuit,
839 774 915 858 quia
929 773 1037 858 plures
1060 776 1099 839 ad
1115 781 1239 860 partem
1256 777 1396 843 dominae

237 882 401 966 magistrae
424 879 640 964 confugerunt
662 879 836 945 clamantes
858 901 916 964 pro
937 875 1149 945 observantia.
1173 883 1283 966 sicque
1306 883 1396 949 facta

238 985 302 1052 fuit
324 986 462 1051 salubris
484 983 598 1048 divisio
621 985 653 1047 in
679 989 853 1064 consentu,
887 1007 951 1049 una
983 985 1113 1069 petebat
1143 985 1394 1066 observantiam,

239 1093 340 1157 altera
362 1114 436 1177 pers
460 1089 663 1168 reclamabat,
688 1093 818 1174 eratque
834 1089 1020 1173 quotidiana
1043 1092 1205 1156 contentio
1227 1093 1395 1161 intereas.

239 1199 283 1264 Et
298 1199 374 1283 quia
396 1217 504 1261 omnes
521 1194 673 1259 moniales
690 1195 728 1259 de
750 1193 1093 1260 nobilioriSuevorum
1117 1197 1275 1283 sanguiue
1290 1205 1396 1280 erant,

238 1309 382 1388 utraque
405 1324 479 1368 snos
502 1301 694 1365 invocabant
717 1303 851 1378 amicos,
875 1321 939 1385 quo
961 1300 1081 1364 factum
1103 1301 1176 1381 fuit,
1199 1307 1236 1366 ut
1257 1301 1398 1369 barones

238 1413 271 1474 et
292 1409 427 1486 milites,
459 1404 604 1490 partibus
638 1405 799 1484 faventes,
833 1405 990 1470 discordes
1023 1406 1146 1470 fierent.
1194 1406 1263 1472 Hoc
1293 1413 1334 1474 nt
1357 1410 1397 1474 ad

239 1535 329 1578 aures
346 1511 491 1596 pervenit
505 1511 640 1574 illustris
652 1510 788 1574 dominae
801 1508 982 1574 Mechtildis
1006 1509 1228 1576 archiducissae
1250 1515 1399 1580 Austriae

241 1619 343 1684 viduae
355 1619 376 1698 ¹,
401 1639 471 1702 quse
486 1618 520 1680 in
544 1614 754 1700 Retenburga
772 1637 867 1699 super
882 1613 1056 1680 Neocarum
1074 1616 1242 1694 residebat,
1267 1619 1400 1703 potenti

241 1725 360 1789 virtute
375 1745 434 1787 use
446 1721 593 1786 abbatem
606 1721 708 1786 sancti
720 1721 849 1806 Georgii
860 1742 973 1804 perum
985 1724 1062 1786 tune
1074 1721 1224 1807 religioni
1241 1721 1397 1788 effectum

242 1831 280 1894 ad
305 1851 338 1893 se
360 1827 545 1904 inclinavit,
577 1825 628 1890 vel
659 1827 765 1911 potins
789 1824 964 1890 terroribus
994 1825 1137 1905 induxit,
1170 1831 1206 1891 ut
1228 1849 1400 1894 assensum

142 1929 228 2010 ,2⁰23
240 1932 397 2018 praeberet
428 1953 487 2015 pro
518 1930 744 1996 reformatione
773 1936 956 1996 conventus.
998 1954 1061 2016 quo
1093 1932 1204 1997 habito
1239 1934 1331 1998 misit
1365 1936 1400 1999 in

242 2036 455 2122 Eystedinm²
473 2033 726 2120 [Eichstadinm]
751 2040 784 2100 et
807 2035 845 2100 de
859 2036 1051 2100 monasterio
1067 2043 1186 2101 sauctae
1204 2035 1400 2124 Walpnrgis

241 2141 415 2208 reformato
439 2129 558 2205 ordinis
592 2141 694 2204 sancti
716 2138 880 2206 Benedicti
914 2141 1026 2206 adduci
1048 2141 1124 2206 fecit
1147 2142 1400 2225 reformatrioes,

241 2253 312 2313 cum
336 2247 451 2332 quibus
475 2247 508 2309 in
531 2243 733 2330 Urspringen
763 2246 850 2311 venit
880 2245 1001 2311 habens
1023 2247 1056 2310 in
1086 2249 1241 2313 comitatu
1263 2248 1402 2316 abbates

242 2354 464 2418 reformatores
503 2351 711 2416 cartusienses
742 2356 774 2414 et
806 2351 929 2435 aliquos
960 2351 1076 2417 fratres
1109 2354 1333 2437 praedicstores
1366 2361 1400 2421 et

241 2449 360 2522 multos
376 2457 498 2522 nobiles
508 2478 567 2540 pro
583 2459 674 2539 parte
684 2455 903 2520 observantie.
940 2456 1146 2523 Advenerunt
1157 2460 1255 2524 etiam
1270 2461 1400 2527 nobiles

244 2587 302 2649 pro
319 2563 383 2628 alia
406 2567 497 2647 parte
511 2563 606 2626 multi
622 2561 788 2646 utriusque
803 2584 905 2638 sexus,
930 2563 1076 2648 factaque
1099 2569 1148 2628 est
1162 2565 1295 2649 grandis
1318 2587 1399 2630 con-

241 2669 388 2754 gregatio
403 2669 436 2732 in
459 2668 516 2731 illo
533 2666 735 2731 monasterio.
783 2665 843 2732 Sed
865 2668 941 2753 quia
957 2669 1170 2734 archiducisse
1185 2675 1300 2755 potens
1316 2675 1399 2750 erat,

242 2797 334 2839 nemo
356 2797 388 2838 se
405 2773 433 2840 ei
457 2772 607 2858 opposuit
629 2773 667 2836 de
683 2772 888 2838 secularibus.
934 2773 1030 2838 Anno
1045 2775 1147 2861 igitur
1170 2776 1400 2842 domini1475

242 2902 314 2944 oum
328 2880 456 2944 domina
469 2879 683 2943 archiducisse
695 2901 765 2942 cum
783 2879 848 2943 suis
861 2879 982 2944 curiam
997 2881 1181 2946 monasterii
1197 2879 1399 2966 Urspringeu

243 2991 324 3050 essct
346 2987 491 3070 ingressa
512 2987 618 3070 gretia
640 2985 886 3064 reformationis,
910 2985 1062 3052 moniales
1086 2986 1126 3051 ab
1148 2985 1323 3050 intrarem
1347 2988 1400 3052 in-

245 3091 427 3176 telligentes
451 3093 490 3155 ab
515 3089 651 3154 invicem
666 3091 774 3153 divisae
798 3097 882 3168 sunt,
906 3112 1059 3174 unapars
1082 3095 1115 3156 et
1137 3092 1245 3155 sanior
1259 3091 1400 3156 dominre

139 3191 407 3282 millumagistrae
431 3195 572 3273 adhaesit,
606 3195 640 3258 in
664 3217 728 3279 qna
752 3201 820 3260 erat
843 3197 971 3260 domina
993 3197 1178 3280 Helenade
1201 3195 1398 3274 Hcrnhaim,

242 3303 395 3386 priorissa
430 3306 618 3378 conventus,
659 3323 730 3365 cnm
766 3301 837 3365 aliis
873 3301 1062 3386 quibusdam
1094 3303 1175 3366 bene
1205 3301 1398 3366 volentibus.

245 3407 319 3470 Alia
342 3429 416 3471 vero
440 3429 512 3491 pars
536 3431 555 3470 a
578 3405 707 3470 donrine
722 3407 878 3490 magistra
900 3407 1053 3485 discessit,
1076 3408 1111 3471 in
1134 3429 1197 3492 qua
1220 3411 1312 3490 perte
1328 3411 1397 3472 erat

243 3513 372 3576 domina
397 3513 536 3576 Barbara
559 3515 597 3576 de
612 3511 750 3596 Lapide³
776 3517 807 3575 et
830 3512 935 3596 plures
958 3513 1029 3576 aliar
1051 3512 1225 3576 iuvenculae
1249 3517 1282 3575 et
1305 3533 1394 3576 senes

244 3617 381 3697 nobiles,
411 3639 481 3701 quae
504 3641 612 3682 omnes
637 3640 699 3682 uno
723 3617 829 3680 animo
853 3622 921 3682 toto
946 3617 1015 3682 nisu
1040 3615 1260 3681 reformationi
1282 3637 1317 3680 se
1339 3638 1396 3699 op·

811 3759 827 3794 ¹l‘

314 3862 501 3916 lMechthild
530 3877 587 3915 wer
620 3861 711 3916 witwe
744 3861 792 3916 des
823 3863 990 3932 ltrzherzogs
1019 3861 1153 3917 Albrecht
1181 3879 1234 3916 von
1266 3846 1393 3916 listreich

243 3951 272 4020 (†
294 3953 367 4015 1463,
387 3951 436 4006 der
455 3951 493 4005 sie
512 3951 555 4004 als
573 3952 664 4003 witwe
682 3949 729 4004 des
750 3950 854 4004 Grsfen
869 3948 985 4013 Ludwig
1006 3965 1059 4004 von
1076 3948 1267 4017 wirtemberg
1287 3953 1302 4014 t
1326 3953 1390 4003 1⁴50

244 4038 402 4106 geheiratet
420 4040 509 4102 hatte,
530 4038 620 4092 Stttlin
636 4037 682 4094 111.
701 4055 722 4090 s.
746 4036 809 4090 Vlll
828 4035 886 4090 und
898 4037 951 4089 493
967 4034 1020 4102 ff.);
1040 4035 1097 4090 und
1117 4039 1223 4090 mutter
1235 4035 1284 4091 des
1296 4039 1391 4092 ersten

244 4125 367 4195 Herzogs
378 4144 431 4182 von
444 4126 663 4194 Wiirtlemberg.
685 4124 842 4179 Eberhards
860 4124 900 4176 im
916 4125 990 4179 Bart.
1020 4121 1117 4192 Vergl.
1134 4124 1317 4192 Memminger
1336 4142 1389 4181 on.

245 4210 422 4268 Bleubeuren
441 4231 461 4268 s.
481 4213 539 4266 208.
628 4212 829 4266 2antaviam
848 4213 885 4280 (t)
907 4211 977 4268 tlon.
1000 4214 1021 4264 l.
1078 4212 1241 4267 Eustsviam
1267 4211 1328 4266 Scb.
1350 4211 1390 4266 Kl.

244 4297 331 4355 Wibl.
351 4301 440 4356 Sobm.
459 4302 515 4354 und
538 4300 616 4356 Gold.
636 4303 676 4354 ut.
696 4301 749 4355 mit
768 4301 844 4355 einer
864 4300 993 4354 variante
1012 4303 1095 4354 unter
1114 4301 1176 4354 dem
1195 4303 1272 4354 text=
1295 4299 1393 4369 Eysta·

245 4386 321 4442 dium
332 4407 339 4452 ;
358 4387 430 4444 ohne
453 4387 560 4441 zweisel
579 4387 738 4448 Eichstttdt,
769 4405 811 4444 wo
831 4387 875 4442 die
894 4387 1041 4442 berdhmte
1070 4387 1328 4457 Walpurgislrirche
1347 4387 1391 4442 ist.

246 4475 407 4532 3Barbaru
429 4493 482 4533 von
501 4475 582 4530 Stain
602 4477 687 4530 Wibl.
725 4477 853 4530 Barbara
872 4493 935 4533 rom
955 4475 1035 4529 Stain
1056 4473 1148 4530 Schm.
