3034 4922
643 388 706 452 225

176 583 229 622 cess
256 567 362 650 Atque
385 585 456 628 cum
479 561 633 628 velamine
656 562 863 627 mundissimo
884 561 1004 642 velat03

256 670 306 735 Ad
328 674 446 734 terram
469 668 603 746 vultum,
626 667 733 732 oculos
755 667 914 732 modicum
937 666 1070 745 reflexit,

254 773 466 838 Transeuntes
488 769 632 838 homines
655 773 814 838 rarissime
836 773 983 857 respexit.

254 876 360 962 Ipsam
383 882 489 942 autem
512 877 627 962 aliquis
650 878 677 941 si
699 876 784 942 forte
806 877 967 956 salutavit,

254 983 306 1048 Illi
329 983 466 1048 multum
488 987 665 1047 reverentes
687 981 798 1046 statim
819 982 986 1048 inclinarit

178 1109 229 1146 mo
255 1088 387 1154 Dicens:
413 1088 500 1153 »Deo
522 1087 653 1173 gratias,
675 1087 736 1153 tibi
759 1091 858 1172 pasl«
884 1086 1023 1152 habebat

255 1191 350 1258 Illum
374 1215 497 1278 semper
519 1193 728 1278 respondendi
753 1193 880 1258 modum
902 1215 974 1258 cum
996 1191 1132 1256 vivebat.

254 1297 292 1362 In
315 1298 434 1382 templo
456 1297 539 1362 nibil
562 1297 649 1362 aliud
671 1297 812 1362 exercuit
833 1296 947 1377 Maria,

253 1401 325 1468 Nisi
349 1403 434 1488 qnod
456 1403 594 1467 orationi
616 1403 682 1467 sive
705 1401 881 1486 psalmodia

254 1507 389 1573 Vacarit
411 1511 444 1572 et
465 1505 629 1572 celestium
651 1507 921 1591 contemplationi,

151 1657 154 1664 .
181 1629 231 1667 aa
256 1609 364 1696 Atque
386 1611 437 1676 dei
458 1611 680 1676 mandatorum
703 1611 911 1676 meditationi.

255 1714 329 1780 Non
351 1717 394 1780 in.
408 1715 504 1780 turba
525 1716 636 1801 populi
658 1715 781 1781 solebat
804 1739 965 1801 apparere,

255 1819 315 1886 Sed
337 1821 371 1885 in
395 1821 463 1886 loco
485 1825 682 1906 sequestrato
704 1821 867 1886 consuevit
889 1821 1033 1901 residere,

257 1925 325 1992 Nec
347 1926 393 1990 ibi
415 1947 486 1991 cum
508 1927 615 2011 aliquo
637 1927 803 2012 colloquiis
825 1928 958 2008 vacavit,

257 2031 315 2097 Sed
338 2031 474 2116 peractis
496 2031 643 2096 omnibus
665 2033 794 2096 domum
815 2033 976 2112 remeavit,

181 2155 230 2192 ⁸⁶⁷⁰
256 2135 429 2221 Postquam
452 2140 557 2201 autem
579 2137 643 2200 iam
666 2137 728 2201 dici
750 2137 837 2201 venit
858 2136 939 2202 hora
960 2159 1044 2202 nona

257 2241 294 2304 ln
316 2241 459 2306 oratione
481 2263 539 2306 sua
559 2242 678 2306 mansit
699 2243 791 2327 virgo
814 2243 907 2322 bona,

183 2373 186 2380 ’
258 2344 306 2409 Ad
329 2345 432 2427 ipsam
456 2345 553 2410 donec
575 2345 707 2431 angelus
729 2346 817 2412 venit
839 2347 921 2411 hanc
943 2345 1137 2424 confortans,

259 2447 373 2514 Panem
396 2470 522 2533 quoque
544 2448 658 2514 celicus
679 2449 811 2514 missum
835 2448 896 2514 sibi
918 2456 1060 2534 portans.

256 2555 329 2620 Alio
352 2555 456 2620 Maria
477 2552 547 2618 cibo
569 2559 646 2618 tnnc
667 2576 731 2618 non
755 2555 913 2634 utebatur,

184 2677 232 2716 ⁸⁸⁷⁶
257 2658 328 2724 Nisi
351 2681 432 2743 pane
450 2659 509 2742 qui
531 2659 569 2722 de
591 2659 658 2722 celo
680 2659 742 2724 sibi
764 2660 961 2725 mittebatur.

256 2763 410 2849 Quicquid
433 2767 538 2828 antem
560 2785 712 2829 manuum
734 2763 895 2830 laboribus
918 2765 1034 2830 lucrari

258 2868 376 2948 Valuit,
399 2869 459 2933 hcc
482 2868 642 2932 ordinavit
663 2868 854 2953 pauperibus
876 2869 996 2934 donari.

235 2971 334 3039 'Post
355 2971 558 3038 refectionem
580 2973 647 3038 eins
670 2997 795 3048 rursum
817 2975 851 3040 in
874 2975 981 3040 labore

258 3076 385 3156 Mansit,
408 3082 534 3160 tempus
557 3077 733 3162 vespertine
754 3078 852 3144 donec
877 3079 962 3144 venit
983 3078 1069 3144 hore.

183 3199 233 3236 κω
259 3180 289 3246 Α
312 3182 432 3246 cunctis
454 3185 530 3246 tunc
552 3180 714 3248 laboribus
737 3206 888 3248 manuum
911 3185 1053 3263 cessavit,

259 3285 391 3352 Psalmis
413 3291 446 3351 et
468 3288 610 3354 oratione
632 3288 777 3373 deinceps
801 3291 933 3354 vacavit.

258 3389 347 3456 Hora
368 3391 567 3476 completorii
589 3397 702 3458 cuncta
724 3395 964 3473 consummavit,

257 3494 377 3581 Septies
400 3497 434 3562 in
456 3497 506 3562 die
528 3498 635 3563 landes
658 3499 703 3562 sic
726 3499 782 3564 deo
805 3499 993 3564 decantavit.

260 3601 373 3668 Postea
394 3602 542 3668 dulciflne
565 3625 598 3668 se
619 3603 778 3668 devotioni

183 3725 234 3762 σου
259 3705 354 3772 Dedit
376 3711 408 3772 et
430 3706 592 3772 celestium
615 3707 885 3792 contemplationi,

260 3809 448 3898 Secretaque
469 3812 597 3877 celestia
617 3813 709 3878 corde
731 3813 921 3891 meditando,

261 3917 307 3980 Ac
328 3917 449 3982 clevato
472 3917 592 4002 spiritis
613 3917 746 3984 iocunde
769 3917 940 3982 iubilando.

259 4019 296 4085 In
318 4021 452 4106 virginis
474 4022 632 4088 consortio
653 4021 771 4088 femine
789 4023 920 4088 fuerunt

260 4123 406 4211 Dumque
428 4132 513 4192 caste
536 4128 675 4213 virgines
698 4150 736 4194 ex
758 4128 822 4194 illis
846 4128 1044 4194 exstiterunt.

184 4247 235 4286 ⁶0⁰0
261 4229 337 4295 Tres
360 4235 392 4296 et
413 4232 474 4296 due
497 4233 589 4298 vidue
612 4233 713 4298 Marie
736 4237 969 4312 conmanentes,

261 4333 327 4400 Sibi
350 4358 420 4401 cnm
444 4337 595 4422 obsequia
617 4337 765 4402 solatium
789 4339 965 4422 prebentes.

262 4437 372 4504 Vestes
395 4463 520 4526 quoqne
542 4443 677 4528 virginis
699 4464 761 4508 non
786 4442 923 4507 multum
947 4440 1084 4526 preciose

146 4555 204 4598 vn·
219 4557 293 4598 natu
1009 4544 1039 4596 lb
