3072 4936
698 337 760 403 127

156 515 235 599 ipsis
258 538 277 578 a
300 513 462 578 monacbis
485 513 582 580 osia
604 535 746 598 magnae,
777 516 861 598 qnod
892 519 999 579 tamen
1028 536 1092 579 non
1114 513 1249 598 legimus
1272 514 1305 579 in

157 619 274 685 litteris
290 619 500 684 Ulmensium.
547 619 674 684 Statum
691 641 767 704 ergo
782 621 919 703 primum
936 623 968 684 et
992 620 1076 704 leges
1099 620 1166 684 eius
1181 625 1213 685 et
1228 621 1305 686 civi-

148 726 232 802 ,tatis
255 724 417 791 Ulmensis
447 725 591 809 politiam
622 729 775 809 tanquam
808 725 903 789 nimis
926 729 1047 789 remota
1076 748 1094 788 a
1126 725 1218 790 nobis
1241 727 1306 791 iam

156 831 359 909 dimittimus,
376 837 407 895 et
423 832 462 896 ad
481 831 544 894 alia
555 831 660 914 magis
675 835 762 894 certa
777 833 810 894 et
822 829 992 894 manifesta
1008 853 1064 893 nos
1075 835 1304 896 convertamus.

241 937 400 1001 Secundus
412 941 515 1001 status
528 937 666 1002 civitatis
681 934 841 1001 Ulmensis
855 935 938 1016 [luit]
956 940 1029 1019 post
1043 934 1197 1001 Karolum
1214 959 1305 1023 mag·

153 1064 231 1106 num
255 1047 288 1107 et
305 1043 442 1126 primum
458 1043 517 1107 sub
533 1043 695 1106 monacbis
712 1041 812 1106 Owiae
827 1063 963 1126 magum.
1010 1039 1182 1125 Siquidem,
1207 1046 1243 1106 ut
1267 1064 1306 1106 ex

153 1147 327 1231 praemissis
343 1170 426 1231 saepe
441 1151 539 1231 patet,
557 1147 696 1212 Karolns
712 1170 846 1232 magnus
862 1148 1035 1232 imperator
1051 1145 1180 1211 Ulmam
1196 1145 1305 1211 abbati

153 1252 252 1317 Owiae
276 1253 407 1318 donavit
438 1254 497 1318 sub
521 1255 615 1318 certis
638 1253 891 1332 conditionibus,
925 1275 1059 1337 quarum
1089 1275 1152 1316 una
1184 1253 1247 1316 fnit
1270 1257 1306 1316 ut

152 1359 326 1443 imperator
366 1358 411 1422 ibi
445 1381 537 1422 suum
572 1359 704 1424 haberet
741 1359 931 1436 officialem,
972 1380 1066 1442 quem
1097 1357 1306 1422 nominabant

153 1463 352 1540 ministrum,
386 1463 559 1546 vulgariter
589 1485 715 1528 amman
746 1463 767 1527 i.
809 1487 834 1527 e.
864 1467 1045 1547 amptman,
1080 1486 1173 1547 quem
1206 1463 1306 1528 latine

152 1569 287 1633 dicimus
311 1591 330 1632 a
351 1568 598 1646 commentariis
621 1568 704 1651 quod
722 1571 769 1630 est
784 1589 897 1632 nomeu
914 1565 1137 1631 indeclinabile
1159 1567 1190 1630 in
1216 1573 1306 1634 utro·

152 1695 216 1757 quc
239 1696 369 1738 numero
393 1678 425 1738 et
447 1695 531 1757 saepe
554 1672 689 1736 habetur
712 1674 744 1736 in
770 1673 887 1748 biblia,
916 1677 948 1736 et
971 1672 1132 1757 significat
1161 1674 1232 1738 illos
1251 1675 1306 1764 pel

152 1779 263 1856 illum,
294 1780 349 1862 qni
372 1779 553 1842 scribebant
585 1777 670 1862 leges
702 1779 750 1841 vel
780 1778 834 1862 qui
867 1779 1012 1842 ferebant
1045 1800 1156 1858 regum
1178 1779 1304 1844 iudicia.

153 1883 213 1948 Ille
235 1907 310 1970 ergo
326 1885 471 1948 minister
493 1889 562 1948 erat
585 1885 617 1946 in
634 1883 731 1949 Ulma
753 1884 835 1947 sicut
852 1883 1004 1968 magister
1019 1883 1136 1948 civium
1160 1907 1199 1950 ex
1216 1889 1306 1968 parte

153 1989 364 2073 imperatoris.
412 1989 531 2053 Preter
561 1989 645 2053 bunc
675 1989 857 2053 ministrnm
890 1989 1005 2053 habuit
1028 1988 1127 2054 abbas
1150 1989 1248 2055 Owiae
1270 1991 1304 2055 in

153 2095 252 2160 Ulma
275 2095 460 2178 praefectum
482 2093 533 2158 vel
556 2095 743 2159 advocatum
760 2095 788 2172 ¹,
821 2096 876 2178 qui
900 2117 937 2158 ex
961 2097 1082 2158 statuto
1106 2095 1218 2160 Karoli
1241 2119 1304 2162 non

153 2199 266 2266 debuit
288 2222 422 2284 gravare
445 2200 606 2264 civitatem
631 2201 775 2282 ponendo
797 2201 830 2264 in
854 2223 891 2264 ea
915 2199 1000 2264 ultra
1023 2202 1064 2264 30
1088 2201 1219 2284 equites,
1242 2203 1304 2266 nisi

153 2308 188 2369 in
206 2307 331 2370 abbatis
348 2306 510 2390 expensis;
535 2307 633 2370 abbas
650 2311 755 2370 antem
773 2304 978 2369 Ulmensibus
995 2306 1163 2370 tenebatur
1178 2307 1306 2371 mittere

153 2414 312 2474 trecentos
335 2411 535 2490 lanceatos²,
559 2413 705 2496 quotiens
728 2411 898 2495 requisitus
922 2411 960 2474 ad
984 2411 1044 2476 hoc
1066 2411 1197 2489 fuisset3
1221 2417 1306 2477 erat·

153 2537 217 2598 que
233 2515 317 2578 inter
333 2518 503 2581 monachos
520 2515 618 2582 Owiae
641 2523 673 2581 et
688 2517 851 2582 civitatem
865 2515 1048 2582 Ulmeusem
1066 2517 1145 2581 dura
1166 2521 1198 2582 et
1212 2517 1305 2583 fortis

151 2620 319 2705 colligatio
343 2643 398 2704 per
422 2621 576 2686 liarolum
606 2623 792 2706 praedictum
817 2623 919 2701 facta,
949 2623 995 2686 ita
1025 2624 1109 2706 quod
1133 2624 1306 2708 imperator

153 2728 224 2788 erat
247 2726 392 2791 dominus
415 2727 559 2809 superior
582 2727 731 2805 civitatis,
755 2728 807 2791 sed
832 2727 931 2791 abbas
953 2733 1022 2792 erat
1037 2728 1251 2793 immediatior
1274 2734 1306 2794 et

155 2829 330 2914 proximior
353 2835 463 2914 utpote
491 2832 530 2896 ad
554 2854 647 2916 quem
670 2834 833 2916 spectabat
856 2833 923 2897 eius
946 2833 1123 2899 iurisdictio
1151 2835 1183 2897 in
1211 2835 1306 2918 spiri·

154 2935 298 2999 tualibus
314 2941 345 2999 et
360 2937 599 3019 temporalibus,
624 2943 656 3001 et
678 2939 767 3002 cuius
786 2959 895 3002 ornnes
912 2942 1003 3002 erant
1019 2942 1191 3022 proventus
1207 2938 1305 3004 eccle-

152 3039 274 3103 siastici
309 3043 340 3104 st
371 3042 543 3118 seculares,
575 3047 607 3106 et
629 3042 847 3106 institutiones
880 3041 1059 3106 officiorum
1088 3041 1129 3107 ab
1157 3065 1193 3106 eo
1217 3065 1306 3126 paene

153 3166 265 3208 omnes
281 3145 500 3228 dependebant
521 3171 540 3210 a
555 3147 668 3211 baculo
691 3147 831 3230 praeiecti
855 3149 887 3210 et
902 3147 1014 3210 iudicis
1032 3169 1130 3230 usque
1153 3147 1191 3210 ad
1208 3146 1305 3210 bacu-

153 3250 222 3314 lum
245 3251 381 3333 pastoris
405 3275 561 3336 pecorum,
586 3276 605 3317 a
627 3253 755 3316 custode
778 3255 942 3334 portarum
967 3273 1066 3335 nsque
1088 3251 1126 3315 ad
1143 3252 1305 3316 custodem

155 3354 388 3420 thesaurorum.
435 3355 512 3422 Fuit
544 3363 650 3422 autem
682 3361 784 3422 status
814 3357 869 3422 ille
899 3357 938 3421 ad
969 3361 1094 3440 tempus
1125 3356 1251 3442 quietus
1274 3362 1307 3422 et

155 3460 274 3524 multos
298 3462 425 3526 durarit
440 3485 550 3539 annos,
575 3463 614 3526 ab
636 3463 768 3547 imperio
791 3463 911 3527 scilicet
927 3461 1059 3526 Caesaris
1077 3461 1187 3526 Karoli
1210 3461 1305 3546 primi

154 3587 256 3648 usqne
279 3567 317 3629 ad
341 3565 496 3632 Karolum
519 3573 689 3653 quartum,
722 3569 806 3632 iuter
829 3589 908 3651 quos
932 3567 1092 3631 fluxerunt
1115 3565 1187 3651 plus
1210 3589 1305 3652 quam

154 3671 220 3736 600
244 3671 329 3734 anni.
377 3672 461 3736 Dum
485 3679 590 3738 nutem
615 3674 727 3739 civitas
752 3672 913 3739 Ulmensis
943 3673 1006 3736 iem
1039 3673 1192 3756 ampliata
1224 3677 1306 3739 esset

154 3783 187 3840 et
203 3777 360 3860 quottidie
375 3779 542 3862 proficeret
564 3785 597 3844 et
612 3780 695 3845 cives
711 3779 823 3861 inclyti
839 3801 875 3842 ac
891 3782 1035 3862 potentes
1050 3779 1083 3841 in
1099 3778 1165 3843 dies
1181 3779 1304 3860 fierent,

153 3881 341 3967 quaerebant
364 3885 570 3964 occasionem,
594 3890 716 3950 utnon
740 3884 865 3970 legibus
889 3883 1135 3964 monachorum,
1167 3887 1221 3951 scd
1245 3887 1304 3950 im-

153 3992 337 4072 peratorum
354 3990 527 4058 subessent.
552 3995 585 4056 et
600 3992 684 4057 inter
699 3992 775 4068 haec,
800 3995 836 4056 ut
853 3990 1085 4074 supradictum
1108 3989 1182 4068 est³,
1206 3991 1304 4056 fiebat

153 4093 187 4156 in
212 4093 279 4157 dies
295 4094 383 4178 peior
405 4099 508 4160 status
531 4101 563 4161 et
582 4097 722 4162 conditio
744 4097 972 4161 monachorum
995 4096 1029 4160 in
1045 4094 1150 4174 Ulmo,
1175 4103 1206 4162 et
1229 4119 1305 4162 eon·

722 4237 738 4274 a

232 4325 245 4380 1
266 4326 291 4380 S.
310 4326 396 4396 Juger
415 4327 494 4382 Ulmo
514 4329 775 4399 serlussunpslsben
792 4331 831 4385 im
850 4331 1018 4386 mittelalter
1036 4349 1057 4385 a.
1074 4333 1109 4389 35
1127 4331 1155 4388 ff.
1219 4334 1235 4386 2
1254 4333 1305 4388 300

154 4409 333 4484 Sperreutter
352 4413 421 4472 Gok.
440 4433 486 4471 am
504 4416 599 4472 rande.
636 4419 688 4474 300
703 4418 852 4489 sperreiter
872 4419 943 4475 Besa.
967 4419 1076 4476 ebenso.
1147 4423 1164 4478 3
1183 4419 1208 4476 S.
1227 4419 1269 4477 25.
