2996 4924
661 363 703 435 79

262 543 489 610 Concurrentes
514 546 651 630 undique
673 547 806 611 veniunt
827 545 867 609 ad
891 546 985 620 viam,

262 651 440 716 Adorantes
463 673 596 735 puerum
619 649 730 715 Jasnrn
753 655 786 715 et
808 649 944 715 Mariam

177 773 234 810 ¹¹⁹⁰
261 753 478 820 Subsecuntur
501 761 534 821 et
556 757 737 839 precedunt,
760 779 832 820 cum
855 756 932 841 ipsis
955 757 1156 822 ambulantes

259 861 316 928 Eis
339 863 430 947 quasi
453 863 598 927 semitam
621 863 766 948 ignotam
789 863 1053 928 demonstrantes.

439 1097 492 1171 De
519 1098 647 1194 palma
669 1101 709 1171 et
736 1097 781 1171 de
808 1099 924 1172 fonte.

258 1280 321 1345 Die
342 1281 477 1366 quadam
501 1301 540 1345 ex
561 1280 667 1345 calore
689 1279 766 1346 solis
788 1281 969 1359 estuabant,

258 1385 325 1472 Ipsi
347 1407 497 1472 magnam
519 1390 553 1452 et
573 1385 716 1450 iumenta
738 1386 826 1450 sitim
848 1387 1038 1452 tolerabant.

258 1490 354 1577 Aqua
375 1492 439 1556 iam
461 1491 619 1556 defecerat
641 1492 675 1554 in
698 1491 782 1555 vasis
805 1514 900 1576 quarn
923 1492 1077 1569 tulerunt,

176 1617 232 1653 ²1⁹⁶
260 1597 325 1662 Diu
346 1597 467 1662 fontem
489 1597 685 1681 inquirentes
708 1596 829 1660 nullam
852 1596 1050 1660 invenerunt.

262 1701 313 1766 Ad
336 1702 514 1786 palmarum
537 1700 683 1765 arborem
705 1700 834 1766 tandem
857 1700 1027 1766 veniebant

261 1806 328 1872 Sub
350 1829 413 1893 qna
435 1806 572 1870 multum
595 1806 737 1872 sitientes
760 1805 897 1890 fessique
919 1806 1080 1872 sedebant.

262 1911 345 1976 Puer
367 1911 461 1978 Jesus
483 1910 585 1996 digito
608 1914 726 1975 terram
748 1909 830 1974 fodit
853 1933 976 1994 parum,

260 2015 374 2082 Statim
396 2016 431 2080 in
453 2015 560 2080 eodem
585 2015 653 2080 loeo
676 2014 782 2098 erupit
804 2014 875 2079 fons
899 2037 1063 2100 aquarum,

177 2141 233 2179 πω
261 2121 353 2188 Unde
374 2120 480 2186 cuncti
503 2141 592 2185 suam
615 2120 702 2184 sitim
724 2123 867 2185 recreant
888 2119 1034 2200 letantes,

260 2227 368 2292 Etiam
390 2226 540 2290 iumentis
562 2225 627 2290 suis
650 2229 762 2310 potum
784 2225 1011 2292 ministrantes.

262 2332 339 2397 Alta
359 2333 422 2398 fuit
445 2332 540 2396 arbor
563 2331 641 2396 satis
663 2331 722 2396 sub
746 2353 842 2415 quam
865 2332 1055 2410 residebant,

259 2435 295 2502 Iu
318 2439 408 2503 cuius
431 2437 592 2502 cacumine
614 2436 737 2502 fructus
760 2437 989 2522 dependebant.

259 2543 319 2610 Sed
342 2565 412 2608 cum
436 2548 538 2608 mater
560 2543 650 2627 pueri
671 2542 810 2608 fructum
834 2543 919 2608 hune
940 2543 1091 2628 respexit,

180 2667 234 2706 ποῦ
261 2649 459 2732 Concupivit,
482 2648 602 2712 nemini
625 2651 732 2711 tamen
755 2647 816 2712 hoe
838 2648 966 2712 detexit.

258 2754 340 2820 Puer
362 2753 455 2819 Jesua
478 2753 589 2818 matris
612 2775 667 2817 sue
688 2773 880 2838 cognoscens
902 2753 967 2818 iam
989 2753 1137 2817 affectum

257 2858 331 2926 Non
354 2860 485 2924 sufferre
507 2858 613 2943 potnit
634 2858 735 2942 ipsius
757 2858 923 2922 defectum.

260 2963 306 3030 Ut
328 2985 401 3029 suos
424 2986 529 3029 ramos
552 2963 692 3028 flecteret
714 2963 883 3048 imperavit
904 2963 1019 3048 palme,

258 3069 305 3136 Ut
327 3091 419 3134 snum
441 3071 577 3134 fructum
603 3067 750 3132 menibus
772 3067 900 3134 offerret
921 3068 1034 3133 matris
1057 3067 1149 3134 alme.

180 3193 233 3230 ²21⁰
259 3173 299 3239 Se
321 3173 422 3240 Marie
446 3175 568 3258 gremio
590 3195 663 3238 mox
687 3173 781 3239 arbor
804 3173 980 3253 inclinavit,

258 3277 308 3342 Ad
333 3279 508 3342 tollendum
531 3277 654 3342 succus
677 3299 750 3342 suos
773 3300 806 3342 se
828 3278 935 3363 palma
956 3279 1159 3364 presentavit.

258 3383 385 3468 Carpsit
406 3387 546 3448 fructum
568 3381 662 3448 Jesus
685 3387 787 3448 mater
809 3383 969 3469 cumipse
991 3385 1186 3469 colligentes,

258 3489 460 3554 Mirabantur
483 3489 578 3554 ceteri
600 3487 719 3552 factum
742 3489 925 3568 nescientes,

260 3595 305 3659 Et
327 3617 398 3659 cum
420 3617 538 3680 magno
560 3595 678 3682 gaudio
701 3595 806 3658 cuncti
830 3595 1041 3659 comederunt.

176 3719 232 3758 ¹21⁶
263 3701 387 3765 Partem
410 3723 471 3786 que
493 3699 650 3784 superfuit
672 3701 711 3764 ed
735 3701 819 3765 viam
842 3705 1056 3766 servaverunt.

257 3806 407 3872 Sanctum
432 3808 491 3872 hoc
512 3807 681 3892 collegium
705 3829 761 3894 per
783 3811 905 3870 noctem
931 3807 975 3870 ibi
999 3807 1092 3884 sedit,

259 3911 341 3976 Nam
366 3913 483 3978 victum
506 3917 539 3978 et
562 3913 735 3998 hospitium
758 3911 919 3976 arboreis
942 3911 1037 3976 dedit.

331 4123 431 4210 Quod
461 4127 617 4222 angelus
645 4126 778 4200 attulit
806 4125 859 4200 eis
886 4147 1012 4222 penes.

258 4331 334 4398 Cum
356 4333 430 4400 item
454 4337 516 4402 iter
538 4339 670 4422 agerent
690 4340 722 4400 et
744 4357 841 4421 panes
862 4331 1060 4412 defecissent,

262 4435 326 4502 Nec
347 4439 530 4508 alimentum
553 4441 693 4526 corporis
716 4441 817 4506 ullum
839 4439 1034 4522 habuissent,
