3072 4936
791 354 853 418 122

249 537 287 601 ed
311 540 439 600 tantum
462 533 636 597 sublimata
660 536 708 596 est
730 530 854 595 culmen
885 535 1094 594 mercatorum
1126 529 1314 608 sudoribus,
1344 551 1402 594 noc

251 641 345 705 hodie
361 641 531 704 subsistere
547 642 653 722 posset
669 637 788 720 absque
803 636 1040 720 negotiatorum
1055 635 1277 699 sollicitudine.
1316 634 1401 700 Nam

253 747 335 810 cives
360 746 408 809 illi
431 746 469 808 de
492 747 629 828 quatuor
651 742 793 826 praefatis
815 740 980 805 ordinibus
1009 745 1041 804 et
1069 741 1122 806 isti
1145 741 1183 804 de
1205 741 1330 805 duobus
1353 763 1402 805 se-

251 852 421 938 quentibus
443 871 506 912 non
530 851 659 931 possent
681 847 843 910 commode
875 847 962 910 adire
985 851 1086 910 terras
1108 847 1147 910 ad
1170 848 1319 912 emendas
1344 871 1403 924 res,
1513 845 1514 938 l

252 958 367 1042 quibus
390 954 524 1040 quilibet
549 974 606 1036 pro
622 973 679 1016 suo
695 956 781 1015 statu
798 955 879 1036 eget,
903 975 960 1016 neo
976 953 1165 1016 industriam
1181 975 1237 1016 nec
1254 951 1404 1036 peritiam

253 1064 292 1126 ad
316 1063 376 1126 hoc
399 1060 528 1124 habent.
575 1057 704 1121 Clericis
728 1057 812 1121 enim
828 1061 860 1121 et
876 1058 1094 1122 ecclesiasticis
1112 1058 1253 1140 personis
1270 1057 1406 1120 mercari

252 1189 315 1231 non
339 1167 423 1242 lieet,
447 1162 608 1226 nobilibus
631 1167 662 1226 et
686 1162 842 1226 militibus
866 1185 928 1227 non
952 1163 1117 1240 convenit,
1141 1161 1349 1246 optimatibus
1373 1167 1407 1225 ct

254 1272 341 1336 tertii
365 1269 485 1333 ordinis
508 1267 630 1331 civibus
654 1289 716 1328 non
740 1266 877 1349 expedit,
900 1266 1090 1330 mechanicis
1114 1272 1146 1330 et
1169 1265 1241 1330 aliis
1259 1287 1321 1330 non
1350 1289 1407 1330 vs·

253 1383 324 1443 cat:
349 1377 419 1439 ideo
443 1372 624 1458 reipublicae
646 1371 814 1435 necessarii
838 1375 914 1435 sunt
936 1375 1136 1451 mercatores,
1160 1393 1293 1455 quorum
1311 1375 1407 1435 nota-

253 1483 327 1548 bilis
350 1501 499 1545 numerus
531 1481 579 1541 est
607 1478 639 1540 in
663 1476 891 1542 communitate
919 1477 1073 1554 ulmensi,
1104 1477 1187 1540 inter
1217 1499 1297 1561 quos
1329 1485 1409 1542 sunt

254 1586 384 1653 familiae
407 1583 517 1648 multae
541 1605 603 1646 non
628 1583 732 1646 minus
756 1581 960 1646 honorabiles
976 1587 1008 1646 et
1024 1581 1127 1658 clarae,
1148 1605 1243 1665 quarn
1260 1583 1408 1666 praesatae

255 1689 540 1776 inquartoordine3
556 1691 652 1750 utest
663 1686 925 1772 familiaantiqua
935 1685 1367 1771 dictaSlicherlScbleioher)
1385 1689 1406 1766 ¹,

255 1819 326 1882 quae
349 1793 508 1887 quondam
525 1790 684 1856 ruralibus
700 1791 805 1854 dedita
827 1791 860 1854 in
884 1790 961 1854 villa
977 1791 1221 1856 Sweickhofen²
1245 1797 1320 1856 onte
1344 1791 1409 1858 Ul-

255 1923 339 1965 mam
363 1897 508 1976 sudabat,
532 1895 689 1960 translata
713 1900 817 1958 autem
841 1895 875 1958 in
898 1896 1008 1959 urbem
1033 1895 1194 1960 villacum
1211 1897 1359 1961 domibus
1376 1903 1412 1963 et

257 2003 440 2069 hominibus
464 2001 502 2064 ad
519 2000 626 2065 civiles
642 1999 841 2082 operationes
856 2021 889 2062 se
904 2001 1045 2064 extendit
1060 2005 1092 2064 et
1107 2001 1140 2063 in
1156 2001 1288 2066 divitem
1304 2003 1411 2067 hono·
1516 2071 1517 2090 p

256 2109 389 2173 rabilem
412 2107 597 2189 felicemque
619 2103 775 2167 familiam
798 2105 918 2182 evasit,
951 2104 983 2167 in
1016 2127 1079 2188 qua
1109 2127 1176 2169 aevo
1208 2111 1320 2170 nostro
1343 2130 1409 2172 non
1516 2097 1517 2120 ¹

257 2215 359 2279 solum
383 2215 571 2277 mercatores
595 2209 701 2273 felices
725 2210 868 2288 vidimus,
893 2209 945 2274 sed
962 2210 1107 2294 egregios
1122 2210 1265 2275 doctores
1281 2217 1314 2274 et
1337 2213 1409 2296 ple-

257 2319 375 2382 banum
392 2315 571 2379 lllmensern
585 2313 780 2397 theologum.
805 2314 856 2377 Sic
868 2320 900 2377 et
911 2313 1042 2378 familiae
1053 2314 1252 2393 Hunsnuer,
1271 2314 1410 2380 Rotten-

257 2427 374 2508 gntter,
390 2420 601 2496 Kamerstein,
615 2418 818 2503 Gussgustat‚
830 2416 1081 2502 Wirtenberger‚
1092 2419 1253 2499 Liebbart‚
1270 2419 1300 2484 H
1305 2425 1411 2500 utzem

257 2527 376 2610 Lupen‚
400 2523 577 2601 Schrioher‚
601 2523 796 2606 Sbempflin,
814 2525 957 2602 Brernen,
975 2522 1138 2602 Nachbur‚
1154 2522 1302 2602 Offemer,
1321 2525 1410 2604 Rull,

260 2632 452 2714 Griminger,
477 2629 606 2708 Kobolt‚
631 2627 810 2707 Weikman
835 2629 937 2708 (torst,
962 2629 1124 2708 Bit-eman,
1147 2629 1368 2696 Lesohabrand
1387 2633 1411 2710 ³,

823 2809 840 2847 ss

330 2942 343 2996 l
373 2942 478 2996 Sliober
507 2944 580 2997 Mon.
609 2945 632 2996 1.
685 2941 841 2996 Scblaicher
869 2942 968 2997 Selind.
997 2942 1117 2997 Schmid.
1150 2943 1237 2996 Wibl.
1265 2943 1337 2999 Golr.
1366 2945 1411 2998 Kl.

259 3031 399 3084 Schlicber
417 3028 595 3100 (Schleiclicrl
618 3031 689 3086 Besa.
748 3033 764 3083 2
785 3029 1011 3086 Sweiclrenbofen
1032 3032 1103 3087 Mon.
1122 3033 1146 3083 2.
1184 3028 1411 3086 Schweiclrlrol'en

260 3117 776 3172 Schad.Schmid.Wib1.G0k.Bess.
828 3123 844 3172 3
866 3117 1192 3173 lilinstetterScbad.Kl
1222 3117 1296 3173 Besa.
1333 3123 1409 3174 Glin-

257 3209 357 3260 stetter
376 3203 444 3260 Gok.
464 3206 488 3257 2.
546 3205 759 3272 ltottengortter
779 3205 851 3260 Mon.
871 3207 894 3258 2.
952 3205 1162 3260 Kamenerstein
1184 3205 1271 3261 Wibl.
1328 3205 1411 3258 Guss-

258 3296 371 3363 gustutt
388 3293 424 3361 (l)
444 3291 543 3346 Schad.
579 3292 749 3361 Gustgustut
769 3293 841 3348 Mon.
854 3295 878 3346 2.
893 3291 1014 3347 Schmid.
1029 3293 1097 3348 Golr.
1117 3293 1186 3347 Besa.
1224 3293 1412 3365 Gustgustatt

259 3382 344 3436 Wibl.
365 3381 408 3434 Kl.
481 3379 691 3448 Wirtenbergcr
710 3380 783 3434 Mon.
803 3383 826 3435 2.
864 3380 1045 3450 Wirtenberg
1064 3379 1125 3434 Sch.
1152 3381 1194 3434 lil.
1214 3380 1288 3434 Bess.
1327 3381 1410 3434 Wur-

260 3469 378 3536 teuberg
397 3469 482 3522 Wibl.
557 3467 695 3522 Liebhard
722 3467 790 3522 Golr.
818 3467 890 3522 Bess.
962 3467 1071 3522 Hutzen
1102 3469 1172 3523 Mon.
1199 3469 1214 3521 2
1248 3468 1349 3523 Sebad.
1369 3468 1412 3522 lil.

259 3555 479 3612 Schminwibl.
518 3556 615 3624 Hagen
629 3554 698 3611 Gok.
714 3554 784 3608 ldess.
840 3554 910 3624 Lupi
924 3555 996 3610 Mon.
1011 3554 1037 3608 2.
1075 3554 1164 3624 Lupia
1177 3555 1413 3610 Schedsmmid.

260 3643 303 3698 Kl.
342 3644 434 3712 [rupen
454 3643 523 3698 Gok.
545 3643 615 3696 Boas.
653 3643 746 3697 Luxen
766 3642 850 3696 Wibl.
906 3643 1049 3698 Sclrricher
1067 3643 1175 3698 blond.
1195 3643 1257 3698 Sch.
1280 3643 1414 3699 Klssess.

259 3730 388 3784 Schriher
406 3730 492 3785 Wibl.
573 3729 726 3800 Stremphli
747 3733 818 3784 Mon.
839 3733 863 3784 2.
900 3729 1060 3799 Strempflin
1080 3729 1141 3784 Sch.
1163 3732 1206 3784 lil.
1244 3732 1413 3802 Strempllen

262 3819 344 3871 Wibl.
383 3817 546 3887 Stiimplflin
566 3817 649 3872 Wibl.
670 3819 741 3874 Bess.
816 3820 929 3872 Bermon
950 3818 1047 3872 Schad.
1070 3819 1111 3874 lil.
1159 3821 1271 3876 Bermer
1290 3821 1413 3874 Schmid.

262 3906 344 3958 Wibl.
382 3905 498 3961 Bremen
518 3905 590 3961 Bess.
612 3905 720 3962 Most.
778 3905 1175 3960 NuchbaurSchnd.Schmid.
1195 3906 1282 3962 Wibl.
1319 3907 1414 3963 Nach-

259 3993 337 4048 bawr
364 3993 407 4046 Kl.
479 3993 583 4047 Offmer
611 3993 684 4046 Mon.
711 3995 736 4046 2.
772 3993 892 4046 Otl'emer
921 3991 981 4046 Soli.
1013 3992 1055 4045 Kl.
1101 3991 1211 4048 onerer
1237 3995 1305 4050 Golr.
1339 3995 1414 4050 Bess.

259 4081 329 4134 Nun
347 4081 383 4150 ll)
402 4081 487 4137 Wibl.
524 4081 585 4134 zull
605 4081 673 4136 Goli.
694 4081 765 4135 Bess.
805 4081 869 4134 Rull
889 4081 932 4134 Kl.
992 4080 1150 4151 Grissinger
1169 4081 1267 4136 Schad.
1288 4082 1410 4138 Schmid.

260 4167 426 4223 wittoni
457 4167 499 4224 lll.
520 4168 593 4222 Bess.
666 4169 788 4226 Kobcldt
806 4168 892 4224 Wibl.
973 4169 1121 4222 Wichman
1143 4167 1215 4224 tlon.
1235 4171 1260 4222 2.
1298 4171 1414 4224 Wiclrh-

260 4274 345 4310 mann
364 4256 450 4310 Wibl.
487 4255 651 4312 Weickman
670 4256 739 4313 (loli.
776 4256 921 4310 Willrman
941 4255 984 4310 Kl.
1022 4255 1170 4310 Wiclrman
1191 4256 1263 4312 Besa.
1341 4257 1416 4311 Nuz-

260 4361 326 4399 man
341 4343 377 4412 (l)
392 4342 478 4397 Wibl.
527 4341 755 4399 Leschenbrandt
769 4343 867 4399 Schad.
882 4343 1001 4398 Schmid.
1017 4344 1059 4398 Kl.
1092 4343 1286 4400 tonnobrand
1302 4345 1377 4401 Mon.
1388 4347 1414 4399 2.

261 4429 475 4486 Loschenbrand
495 4429 563 4485 Golr.
583 4431 655 4488 Bess.
695 4431 925 4485 Ldschenbrandt
944 4429 1031 4485 Wibl.
