3034 4922
660 343 722 414 185

138 627 242 714 Quod
271 631 471 725 sanguines
498 631 652 704 lacrime
679 629 869 703 fluxerunt
895 652 940 704 ex
967 631 1082 704 oculis
1109 631 1236 705 Maris.

275 839 414 905 'lantum
436 843 543 905 autem
565 839 734 922 planxerat
757 838 904 924 affligens
927 861 961 903 sc
982 839 1130 924 lugendo,

195 964 247 1004 asse
273 944 474 1029 Tantumque
494 945 674 1028 ploraverat
696 943 841 1009 lacrimas
864 943 1035 1023 fundendo,

274 1049 364 1127 Quod
386 1050 486 1134 ipsius
508 1049 590 1114 oculi
613 1048 677 1113 iam
700 1049 855 1134 sanguine
877 1048 1044 1128 rubebant,

273 1156 318 1222 Et
340 1155 440 1241 ipsius
462 1153 612 1240 palpebre
635 1175 760 1219 comose
781 1155 845 1220 iam
868 1153 1043 1234 tumebant,

273 1259 381 1346 Atque
403 1282 459 1325 sue
481 1281 569 1325 rusae
590 1280 670 1345 gene
692 1258 757 1324 iam
779 1258 952 1343 pallebant,

274 1365 318 1431 Et
340 1363 465 1430 fuscata
487 1364 626 1429 lacrimis
648 1363 745 1430 facies
767 1364 945 1442 marcebat;

196 1487 248 1526 ⁶⁶⁰0
273 1468 318 1534 Et
338 1468 467 1534 lacrime
489 1453 662 1555 sanguines
683 1473 835 1553 ceperunt
856 1469 921 1534 iam
941 1491 1072 1536 manare

275 1573 325 1640 Ex
347 1572 446 1657 ipsius
468 1573 567 1638 oculis
591 1572 696 1638 flentis
718 1577 785 1638 tam
807 1595 928 1652 amare;

243 1729 249 1742 .
277 1677 363 1744 Nam
385 1681 512 1743 tantum
535 1700 660 1764 quoque
681 1678 812 1744 fleverat
835 1678 939 1744 Maria
960 1677 1172 1756 lamentante,

276 1781 415 1848 Tantum
438 1783 612 1849 eiulaverat
633 1785 672 1850 ad
695 1784 798 1850 lilium
819 1784 994 1862 clamando,

277 1887 368 1964 Quod
390 1910 469 1972 pene
490 1890 554 1954 iam
577 1889 733 1955 defecerat
753 1911 815 1955 vox
837 1889 1012 1968 debilitata,

200 2009 252 2048 ⁶⁶0⁶
278 1991 323 2057 Ili
344 1991 397 2056 vix
419 1992 508 2077 loqui
530 1996 656 2077 poterat
677 1995 842 2060 raucedine
864 1998 1007 2081 gravata.

276 2095 403 2163 Corruit
425 2097 571 2164 deficiens
594 2103 643 2164 tot
665 2101 757 2165 malis
781 2099 930 2178 invelata,

276 2200 470 2288 Viribueque
492 2205 633 2288 corporis
656 2209 725 2270 tota
747 2205 917 2283 destituta3

276 2305 373 2374 Velut
394 2329 503 2374 amens
524 2313 598 2375 ante
620 2332 743 2376 crucem
766 2311 847 2376 sedit
868 2315 901 2376 et
922 2311 1056 2390 reflexit,

166 2470 170 2478 .
275 2412 378 2498 Caput
399 2413 466 2480 eiua
488 2415 573 2480 inter
594 2438 717 2496 manus,
739 2439 874 2502 sepeque
897 2415 1036 2501 respexit

200 2537 251 2576 aare
277 2517 327 2585 Ad
349 2541 463 2605 corpus
485 2520 653 2606 unigeniti,
676 2544 748 2586 cum
771 2522 875 2587 anime
898 2521 1015 2600 dolore,

275 2621 312 2688 ln
335 2626 586 2712 crueependena
607 2631 769 2692 mortuum
790 2625 954 2711 perfusum
977 2649 1048 2691 cum
1071 2645 1190 2690 cruore.

275 2725 360 2812 Sepe
375 2727 534 2795 clamans:
561 2729 642 2798 ›Fili
666 2733 719 2811 mi,
742 2731 789 2796 fili
812 2733 865 2810 mi,
890 2731 996 2796 ofili!

274 2830 390 2898 Tecum
412 2835 495 2898 mori
516 2835 606 2900 trade
629 2835 718 2914 mihi,
741 2836 782 2900 de
800 2835 881 2900 mihi
902 2836 984 2901 mori
1005 2834 1070 2900 filil

274 2934 302 3001 0
322 2937 367 3002 mi
389 2939 561 3024 unigenite,
585 2961 604 3004 ο
626 2939 670 3004 mi
692 2939 738 3004 fili
761 2940 862 3018 unice,

201 3057 251 3096 ⁵⁶¹⁵
276 3039 372 3108 Matri
395 3047 450 3110 tue
471 3043 584 3110 misere
606 3047 710 3110 tecum
732 3045 812 3110 mori
837 3045 980 3111 tribuet«

399 3361 579 3434 Planctus
606 3359 723 3434 Maria
750 3359 983 3454 Magdalene.

274 3566 388 3634 Stabat
409 3569 500 3634 iuxta
521 3569 678 3654 virginem
701 3567 805 3634 Maria
828 3567 1019 3656 Magdalena

274 3673 442 3759 Plangene,
465 3673 602 3758 plorans,
626 3674 787 3760 proferens
810 3673 950 3740 lamenta
972 3673 1060 3739 luctu
1082 3673 1184 3759 plena.

274 3777 352 3844 Tam
375 3777 623 3844 lamentabiliter
645 3781 715 3864 ipsa
737 3802 863 3865 quoque
884 3779 978 3858 luxit,

274 3883 363 3960 Quod
386 3887 526 3950 astantes
549 3883 703 3968 plurimos
726 3885 766 3950 ad
788 3883 935 3950 lacrimae
957 3885 1099 3958 induxit:

200 4005 249 4044 ⁶⁶¹⁰
273 3987 352 4075 Sepe
374 3990 479 4056 dicens
502 3989 708 4056 acclamavit:
733 3989 801 4056 ›Ve
823 3991 901 4056 mihi
925 3989 1101 4074 peccatrici,

273 4091 320 4160 Ve
342 4117 381 4160 ve
402 4093 482 4160 mihi
505 4095 627 4173 misere,
651 4117 689 4161 ve
711 4095 805 4160 nimis
829 4094 966 4166 infelici:

275 4197 323 4265 Ve
344 4199 435 4280 mihi,
457 4221 495 4266 ve
516 4200 554 4266 de
576 4201 703 4268 domine
726 4223 796 4267 meo
819 4201 1000 4286 predilecto,

276 4301 305 4367 A
327 4301 438 4370 Juflais
460 4303 566 4389 impiis
588 4309 638 4371 tot
659 4307 747 4390 penis
769 4305 960 4372 interfecto!

276 4404 323 4476 Ve
345 4409 383 4476 da
406 4413 507 4478 morte
529 4409 630 4482 dulcis
652 4409 740 4494 Jeau,
762 4413 824 4486 mei
847 4412 1008 4496 creaturis,
