3080 4938
706 360 747 425 63

155 556 311 620 generosa
343 535 494 601 nobilitas
526 535 716 602 naturaliter
747 537 900 602 inclinata
932 538 1081 603 noscitur.
1128 536 1188 603 Sed
1221 561 1305 603 nunc

155 642 255 726 aliqui
280 641 330 706 his
352 629 508 728 neglectis*
528 644 567 707 ad
593 643 709 728 oppida
731 643 901 708 convolant
922 647 954 708 et
967 644 1135 708 civitatum
1157 645 1304 729 negotia-

155 749 257 813 tiones
282 771 318 813 ac
340 749 535 814 commercia·
550 749 740 834 disponunt,
768 749 851 814 sicut
873 771 985 814 corvus
1009 750 1046 815 de
1069 770 1142 815 arca
1163 749 1234 815 Noe
1257 750 1305 816 di·

155 855 271 919 missus
294 855 334 919 ad
357 855 489 920 cadaver
510 854 629 920 mansit
651 877 708 920 nec
730 877 874 920 reversus
896 853 959 919 fuit
982 853 1058 920 Gen.
1081 855 1111 920 8.
1134 877 1209 927 nam
1235 855 1305 919 ubi·

158 981 281 1044 cunque
303 959 401 1024 fuerit
422 981 552 1045 corpus,
579 960 625 1024 ibi
655 960 935 1045 congregabuntur
956 964 988 1025 et
1017 959 1132 1046 equilae
1155 958 1228 1054 Luc.
1254 960 1305 1025 17.

154 1064 206 1129 Ita
230 1066 364 1150 pessime
386 1065 484 1150 aliqui
510 1065 631 1131 nobiles
654 1069 784 1150 propter
799 1064 927 1130 delicias
950 1069 982 1130 et
1000 1065 1109 1149 epulas
1132 1087 1197 1130 suae
1213 1065 1305 1130 nobi-

153 1170 257 1236 litatis
280 1171 447 1237 dimittunt
469 1171 566 1251 sedes,
590 1171 665 1256 quia
681 1171 765 1235 inter
786 1171 935 1256 glutones
951 1171 1080 1255 gulosos
1103 1171 1305 1236 devoratores

154 1275 331 1367 oppidanos
362 1277 552 1341 incrassatos
584 1276 801 1362 impinguatos
823 1279 1054 1341 commorantes
1083 1276 1179 1341 etiam
1202 1297 1306 1342 mores

154 1381 313 1446 nobilium
336 1383 498 1447 amittunt.
545 1380 657 1466 Aliqui
680 1403 754 1446 uero
777 1385 907 1466 propter
930 1381 1087 1446 defectum
1118 1382 1167 1445 vel
1190 1380 1306 1445 virium

156 1493 214 1552 aut
236 1510 342 1552 rerum
373 1488 411 1553 de
434 1489 546 1552 castris
582 1488 620 1553 ad
645 1487 789 1552 civitates
818 1509 851 1552 se
874 1485 1089 1566 transferunt,
1124 1491 1162 1552 ut
1184 1485 1306 1551 nobiles

154 1614 246 1658 senes
277 1594 392 1658 divinis
428 1594 579 1658 interesse
610 1593 771 1678 cupientes
812 1595 844 1656 et
875 1592 1012 1656 medicos
1043 1591 1105 1656 sibi
1135 1596 1306 1676 praesentes

154 1699 284 1778 habere,
307 1722 386 1784 quos
410 1723 638 1784 nonnunquam
660 1702 837 1782 sequuntur
860 1697 919 1762 filii
942 1703 975 1762 et
996 1702 1142 1775 manent;
1168 1697 1216 1762 vel
1232 1697 1307 1782 quia

154 1801 329 1868 levioribus
361 1804 505 1889 expensis
529 1804 704 1892 necessaria
737 1803 770 1866 in
793 1803 922 1868 civitate
944 1804 1129 1887 conquirere
1157 1808 1305 1888 possunt;

155 1907 210 1973 vel
234 1909 308 1994 quia
330 1908 363 1973 in
388 1910 499 1975 castris
523 1910 728 1993 depauperati
750 1910 783 1973 in
807 1909 992 1974 civitatibus
1014 1909 1153 1994 negotiis
1176 1932 1209 1974 se
1232 1909 1306 1974 dare

155 2013 271 2078 volunt
287 2014 326 2077 ad
349 2013 532 2100 fugiendam
548 2013 793 2079 mendicitatem.
839 2013 995 2078 Omnibus
1016 2013 1066 2078 his
1098 2014 1199 2079 modis
1223 2015 1306 2078 anti·

156 2141 222 2204 quo
255 2122 398 2202 tempore
420 2124 453 2184 et
485 2121 636 2184 moderno
670 2119 791 2184 nobiles
814 2119 998 2185 civitatibus
1031 2124 1107 2184 sunt
1129 2121 1238 2198 iuncti,
1276 2123 1308 2185 et

69 2281 74 2292 .
157 2223 318 2310 precipue
342 2245 425 2288 nunc
447 2225 701 2308 multiplicantur
716 2224 838 2290 nobiles
854 2225 888 2288 in
904 2225 1096 2304 civitatibus,
1119 2226 1203 2310 quod
1220 2227 1307 2291 vide·

157 2352 229 2396 mus
252 2330 284 2393 in
309 2329 501 2394 desolatione
523 2335 713 2410 castrorum,
746 2352 817 2414 quae
844 2334 932 2395 stant
955 2335 1068 2396 ornata
1090 2331 1158 2396 sine
1181 2331 1308 2396 habita·

156 2435 280 2500 toribus
304 2458 466 2520 quousque
502 2459 557 2521 per
590 2459 624 2501 se
646 2440 805 2500 corruant.
852 2435 971 2500 Eodem
1002 2435 1096 2501 modo
1124 2436 1234 2501 rustici
1257 2457 1307 2501 re-

154 2541 234 2607 licto
258 2563 331 2608 rure
353 2542 387 2605 in
410 2541 554 2606 civitates
575 2546 751 2620 transeunt,
776 2541 982 2607 mercantiis¹
1006 2543 1155 2626 pecunias
1179 2542 1229 2606 vel
1254 2565 1306 2607 ar-

156 2647 266 2713 tificiis
307 2648 500 2730 conquirunt
539 2653 571 2713 et
603 2649 732 2713 tandem
753 2647 788 2711 in
822 2647 965 2712 ordinem
998 2647 1156 2713 nobilium
1190 2649 1307 2713 civium

156 2753 299 2819 veniunt.
346 2753 390 2818 Et
412 2753 447 2816 hi
470 2753 653 2817 efficiuntur
675 2752 757 2818 cives
782 2754 821 2818 ad
844 2753 1060 2832 commodum,
1090 2775 1148 2818 nec
1170 2776 1226 2838 per
1247 2753 1308 2818 hoc

155 2859 295 2944 perdunt
328 2857 497 2942 privilegia
531 2857 724 2922 forensium:
759 2859 805 2943 (ff.
832 2859 973 2944 [digest]
1006 2859 1044 2923 de
1077 2859 1182 2944 adopt.
1206 2860 1227 2924 l.
1252 2883 1309 2944 per

155 2963 374 3048 adoptionem)
388 2960 410 3026 ².
458 2963 610 3040 Quamvis
626 2968 731 3028 autem
754 2963 876 3028 nobiles
900 2987 956 3048 per
978 2964 1149 3029 transitum
1174 2965 1212 3028 ad
1229 2964 1307 3028 civi·

156 3075 240 3135 tates
264 3073 296 3133 εὴ
328 3089 384 3152 per
413 3069 701 3154 incorporationem
728 3068 845 3133 civium
875 3091 939 3133 non
973 3069 1108 3152 perdant
1138 3068 1309 3153 privilegia

155 3174 338 3240 nobilitatis
361 3179 398 3238 ut
413 3173 532 3239 dictum
549 3179 605 3252 est,
630 3179 737 3239 tamen
753 3195 896 3238 serocessu
912 3174 1073 3258 temporis,
1099 3195 1171 3239 cum
1186 3196 1308 3238 conuu-

158 3281 220 3348 biis
253 3285 284 3344 et
307 3279 379 3344 aliis
406 3280 592 3364 peremnia
624 3279 759 3364 aequales
790 3280 912 3344 civibus
937 3279 1140 3360 efficiuntur,
1172 3280 1309 3364 perdunt

156 3387 306 3454 affectum
322 3385 480 3450 nobilium
497 3385 599 3450 adbuc
621 3385 655 3449 in
679 3385 804 3450 sedibus
820 3386 962 3469 paternis
984 3389 1016 3450 et
1036 3386 1147 3450 castris
1170 3385 1308 3450 existen-

156 3492 251 3570 tium,
274 3491 358 3556 unde
374 3513 428 3556 eos
450 3491 712 3555 atorneamentis
736 3496 769 3556 et
792 3489 863 3554 aliis
880 3490 1068 3574 quibusdam
1091 3490 1308 3576 singularibus

157 3597 316 3662 nobilium
340 3597 498 3662 exercitiis
523 3603 676 3681 tanquam
699 3597 868 3681 degeneres
884 3596 1060 3674 secludunt,
1084 3596 1135 3660 vel
1156 3596 1184 3660 si
1207 3596 1308 3661 seclu-

157 3703 253 3768 dendi
277 3703 470 3768 occasionem
494 3702 703 3768 sufficientem
727 3724 789 3766 non
813 3699 949 3780 habent,
982 3723 1034 3765 eos
1065 3705 1173 3766 tamen
1197 3724 1309 3786 percu·

157 3810 246 3875 tiunt
268 3815 300 3873 et
322 3807 431 3873 durius
455 3812 596 3873 tractant
618 3830 655 3871 cx
679 3806 832 3872 condicto.

246 3911 356 3978 Tertia
370 3913 551 3978 differentia
572 3913 729 3976 nobilium
744 3911 862 3976 civium
884 3916 940 3988 est,
964 3910 1039 3994 quia
1054 3910 1184 3995 quidem
1199 3935 1307 3979 eorum

157 4041 198 4086 ex
222 4041 285 4084 uno
308 4023 439 4102 parente
461 4018 562 4083 nobili
585 4021 618 4084 et
640 4041 678 4082 ex
702 4017 803 4082 altero
826 4040 889 4082 non
914 4016 1014 4082 nobili
1036 4017 1230 4101 procedunt,
1255 4020 1310 4104 qui

339 4177 356 4214 J
723 4157 739 4192 a

232 4267 244 4320 l
266 4262 443 4320 mercenariis
462 4261 523 4318 Sch.
543 4263 585 4320 Kl.
669 4263 686 4316 2
705 4261 729 4316 D
748 4262 782 4318 ds
800 4261 894 4332 adopt.
915 4260 933 4326 l,
952 4277 1002 4330 per
1021 4260 1204 4331 adoptionem
1224 4259 1309 4317 Woll.

160 4353 234 4408 Beue.
272 4352 301 4407 L.
323 4369 373 4423 per
392 4350 572 4422 adoptionem
592 4351 624 4405 D.
643 4351 677 4406 de
690 4349 784 4421 adopt.
804 4348 903 4404 Schad.
916 4347 1036 4404 Schmid.
1051 4348 1136 4404 Wibl.
1156 4349 1200 4404 Kl.
1238 4350 1262 4404 J.
1276 4349 1310 4404 de

160 4441 256 4514 adopt.
276 4442 294 4496 l.
313 4457 362 4514 per
382 4439 561 4511 adoptionem
580 4439 663 4498 (look.
683 4441 752 4512 (non
772 4439 854 4510 Bees.)
