3034 4922
762 292 825 358 266

379 465 424 532 Et
445 465 486 532 ab
509 467 595 534 omni
617 466 728 532 fomite
749 467 869 553 peccati
890 470 922 532 te
944 466 1104 533 mundavi.

379 571 451 658 Ego
473 595 598 658 quoque
618 595 713 658 super
735 577 767 640 te
788 571 978 640 descendens
999 571 1191 648 obumbrevi

380 678 425 746 Et
447 680 479 744 in
502 683 535 746 te
556 680 660 746 locum
681 679 748 746 filio
770 679 820 746 dei
841 678 1017 764 preparavi.

380 783 491 850 Fidem
513 784 728 870 evangelicam
750 785 784 850 in
806 788 839 850 te
860 784 1045 850 conservavi

303 907 354 946 νοω
381 889 425 954 Et
446 911 515 955 eam
538 910 577 954 ex
599 911 653 956 ore
674 894 730 958 tuo
752 889 870 956 mundo
892 889 1067 975 propalavi

384 993 444 1060 Per
467 999 538 1060 tuas
560 995 751 1080 multiplices
774 995 909 1062 virtutae
930 994 1086 1074 meruisti,

381 1098 472 1176 Quod
492 1123 543 1168 me
564 1102 739 1187 benignum
760 1121 837 1187 erga
858 1105 892 1166 te
912 1123 1035 1186 semper
1057 1099 1207 1168 habuisti

381 1203 501 1272 Idcirco
521 1209 642 1292 septem
664 1206 754 1272 donis
776 1206 854 1271 mois
876 1227 936 1292 ogo
959 1209 991 1271 te
1013 1203 1141 1290 replevi,

382 1309 426 1375 Et
447 1311 480 1376 in
503 1313 559 1376 tuo
581 1310 697 1396 spiritu
718 1333 841 1396 semper
863 1310 1012 1396 requievi.

305 1434 356 1471 ⁷⁰⁸0
383 1415 472 1501 Ergo
493 1438 578 1481 nunc
599 1415 764 1502 ingredere
785 1415 1012 1502 nobiscumque
1034 1416 1131 1484 letare

289 1582 292 1588 .
382 1519 427 1585 Et
448 1521 481 1585 in
505 1521 649 1587 trinitate
671 1521 765 1586 deum
786 1543 885 1586 unum
907 1519 1150 1606 contemplare«

304 1657 308 1666 ·
384 1622 436 1690 Sic
459 1647 520 1710 que
541 1629 612 1692 tota
633 1626 762 1694 trinitas
783 1626 956 1712 suscipiens
977 1625 1114 1692 Mariam

382 1725 565 1796 Introduxit
585 1734 619 1796 et
639 1731 757 1798 locavit
778 1753 872 1816 super
894 1729 1104 1798 hierarchiam

382 1831 579 1918 Angelicam
603 1839 636 1902 et
657 1857 751 1921 super
774 1857 882 1902 omnee
903 1836 1016 1904 choros
1038 1835 1234 1922 angelorum,

307 1957 358 1994 ou
384 1937 429 2004 Et
450 1961 544 2024 super
565 1961 673 2006 omnes
696 1941 821 2008 ordines
842 1939 1006 2006 celestium
1027 1945 1218 2023 sauctorum,

384 2042 980 2129 fflfflmffiwwm

385 2147 528 2214 Gaudeat
549 2149 583 2214 in
605 2151 725 2216 visione
747 2149 849 2236 glorie
870 2150 985 2232 divine,

383 2253 428 2318 Et
450 2258 487 2319 ut
508 2255 626 2320 nostrie
648 2277 707 2340 pro
728 2256 865 2340 peccatis
887 2255 1051 2322 dominum
1072 2259 1190 2337 exoret,

388 2357 448 2424 Pro
470 2363 628 2446 genteque
649 2361 806 2428 catholica
827 2361 930 2426 filium
953 2360 1101 2446 imploret
1237 2387 1241 2396 ·

308 2482 359 2520 ⁷⁰⁷⁰
386 2461 497 2530 Jeeum
519 2464 682 2532 Christum
704 2466 877 2547 dominum,
900 2467 956 2552 qui
978 2466 1230 2534 estbenedictus

385 2567 501 2636 Omnia
522 2592 579 2656 per
600 2570 705 2638 secula
726 2593 912 2658 permaneus
935 2571 1084 2640 invictus.

353 2889 425 2962 Hic
451 2891 585 2963 auctor
611 2889 704 2964 facit
729 2890 1006 2966 conclusionem
1033 2891 1092 2966 sui
1120 2890 1253 2987 operis.

388 3095 459 3176 Hic,
483 3097 574 3182 virgo
596 3096 789 3178 beatissima,
812 3118 940 3162 carmen
961 3117 1067 3162 meum
1089 3095 1212 3176 claudo,

388 3200 469 3278 Quia
490 3202 593 3288 magia
616 3207 648 3268 te
669 3203 802 3270 tacendo
824 3225 920 3287 quam
942 3202 1082 3268 canendo
1104 3201 1208 3266 laudo.

389 3305 509 3373 Tamen
530 3309 563 3372 in
586 3308 647 3374 hoc
669 3331 763 3393 opere
785 3315 821 3374 tu
844 3307 1043 3374 devotionem

312 3433 363 3470 ⁷⁰⁷⁶
391 3412 561 3500 suscipias,
584 3435 649 3480 non
670 3414 818 3480 carminis
840 3411 1105 3498 compilationem.

390 3518 534 3604 Mihique
556 3521 732 3586 miserrimo
754 3520 819 3584 iam
841 3541 921 3604 pene
942 3519 1107 3602 desperato

390 3623 627 3710 Multorumque
648 3625 799 3690 scelerum
822 3622 957 3709 peccatis
970 3623 1119 3687 ¹sauciato

390 3730 452 3796 Per
473 3731 720 3798 misericordiam
740 3735 830 3797 tuam
853 3733 885 3795 et
907 3729 1058 3796 virtutem

391 3835 530 3922 Spiritus
553 3841 585 3902 et
607 3837 711 3902 anime
733 3837 839 3902 tribue
858 3835 1011 3900 salutem!

315 3961 366 4001 ⁷⁹⁸0
393 3944 437 4009 Et
458 3943 569 4011 Jeaum
591 3947 683 4009 tuum
705 3941 807 4008 filium
829 3940 1046 4006 dulcissimum
1068 3937 1200 4023 dignare

393 4047 456 4114 Pro
478 4069 528 4114 me
551 4053 653 4115 mater
674 4050 777 4136 gratie
798 4048 968 4114 clementer
989 4065 1129 4124 exorare,

392 4153 439 4220 Ut
461 4175 517 4238 per
539 4175 629 4220 ruam
652 4176 671 4220 a
693 4157 725 4220 te
746 4153 866 4220 factam
886 4149 1137 4226 incarnationem

393 4259 500 4342 Atque
522 4281 578 4343 per
599 4259 831 4326 sanctissimam
854 4277 943 4334 auam
965 4254 1143 4340 passionem

392 4363 475 4431 Mihi
497 4365 705 4452 penitentiam
727 4385 869 4432 meorum
892 4366 1093 4450 peccatorum
