3072 4936
696 360 758 428 159

153 531 240 598 mala
262 533 346 598 inter
367 537 485 618 partes,
510 535 671 619 praecipue
693 538 800 602 tamen
824 534 942 603 Suevos
964 542 997 604 et
1018 535 1170 619 Bavaros,
1194 537 1249 624 qui
1272 561 1305 604 se

150 637 288 704 invicem
312 639 346 703 in
371 640 577 705 conterminis
601 639 794 706 lacerabant.
839 642 890 706 Ex
905 639 1003 708 Ulmo
1026 643 1110 709 enim
1132 667 1206 728 pars
1222 642 1305 708 Con·

150 745 221 810 radi
236 745 486 828 depraedstiones
502 744 699 811 Bavarorum
714 745 885 813 faciebant
910 749 992 814 unde
1014 747 1054 813 ad
1069 749 1304 833 reprimendam

151 849 329 918 Suevorum
359 851 524 916 audaciam
562 855 594 918 et
623 853 804 918 terrendam
833 851 963 920 Ulmam
998 854 1106 938 posuit
1134 855 1303 921 lotharius

152 957 336 1043 presidium
358 956 501 1022 militum
532 957 565 1022 in
598 961 719 1022 turrem
743 957 918 1043 Babylonis
940 959 1140 1046 Elchingen,
1171 983 1242 1046 quae
1266 961 1305 1026 ad

151 1063 247 1128 duces
262 1061 445 1148 pertinebat
460 1061 606 1129 Saxonice
621 1063 745 1128 ratione
756 1064 893 1129 domina
909 1063 1014 1130 Lucia
1031 1067 1150 1131 sororis
1167 1065 1304 1132 Conradi

151 1167 244 1234 electi
266 1172 303 1234 ut
318 1169 436 1234 dictum
453 1173 511 1234 est.
557 1169 607 1234 Ex
624 1191 694 1234 arce
712 1190 788 1255 ergo
810 1170 869 1236 illa
885 1169 1093 1257 lllchiugensi
1118 1171 1304 1256 quotidiana

152 1274 274 1340 fiebant
296 1273 475 1354 latrocinia,
497 1278 530 1340 et
553 1273 647 1340 Saevi
670 1279 870 1342 transeuntes
893 1275 1150 1362 captivabantur,
1174 1295 1388 1376 sursumhpgpp

150 1380 374 1460 trahebantur,
397 1381 617 1465 spoliabantur
631 1385 664 1446 et
678 1380 912 1462 metiebantur,
927 1381 1122 1466 humumque
1136 1382 1297 1447 cadaveri-

153 1485 214 1552 bus
246 1485 431 1572 implebeut.
466 1491 498 1552 et
527 1487 594 1552 vice
625 1509 716 1552 versa
748 1489 864 1552 armati
896 1489 933 1553 ds
961 1486 1059 1554 Ulma
1090 1487 1124 1552 in
1154 1485 1304 1570 Saxones,

153 1591 360 1672 bombardae,
384 1589 536 1677 Ungaroe
559 1595 591 1658 et
614 1591 754 1658 Bavares
777 1593 959 1674 sariebant,
984 1597 1016 1660 et
1038 1593 1191 1678 quosdam
1214 1595 1306 1660 valde

152 1719 244 1762 caros
268 1701 300 1762 et
315 1696 472 1782 pretiosos
487 1697 640 1762 bethario
657 1697 756 1764 electo
769 1697 922 1783 spoliatos
945 1703 977 1763 et
999 1699 1032 1763 in
1049 1697 1180 1766 Ulmam
1195 1699 1305 1764 ductos

156 1803 347 1868 oeciderunt.
396 1803 488 1881 Quod
508 1801 678 1868 lotharius
701 1825 786 1890 agre
807 1803 913 1870 ferens
935 1803 1068 1870 collecto
1092 1805 1231 1870 exercitu
1254 1805 1305 1869 in·
1331 1801 1334 1808 ’

156 1909 246 1994 genti
262 1906 392 1974 Ulmam
415 1909 555 1974 ascendit
578 1931 710 1996 eamque
732 1909 895 1975 obsidione
919 1911 1097 1976 arctissima
1118 1910 1252 1975 vallavit
1273 1914 1305 1975 et

156 2015 251 2100 cepit,
268 2019 301 2079 et
317 2015 427 2080 occisis
438 2014 675 2082 habitatoribus
688 2015 849 2082 civitatem
865 2017 968 2100 ipsam
983 2016 1128 2082 funditus
1138 2015 1303 2096 destruxit,

158 2122 192 2184 et
214 2119 317 2204 spolia
348 2119 451 2186 multa
473 2143 511 2185 ex
534 2119 632 2188 Ulma
654 2124 746 2206 rapta
767 2123 802 2186 in
830 2143 934 2188 arcem
958 2121 1131 2207 Babylonis
1154 2123 1304 2206 reposuit.

156 2224 227 2302 Quo
251 2227 337 2291 facto
358 2225 547 2307 lotharius,
578 2229 653 2312 quia
683 2227 886 2293 existimabat
908 2227 942 2293 in
965 2226 1178 2292 destmctione
1201 2225 1306 2292 Ulmae

155 2353 211 2396 cor
232 2329 369 2397 conradi
392 2331 606 2413 confractum,
637 2354 709 2398 cum
733 2333 872 2398 exercitu
902 2332 1017 2417 grandi
1039 2354 1147 2398 versus
1170 2330 1306 2398 Romam

155 2437 386 2503 benedicendus
402 2459 421 2502 a
436 2460 519 2522 papo
533 2437 696 2523 migravit,
720 2438 774 2502 sed
789 2440 893 2502 morte
907 2441 1087 2521 praeventus
1103 2437 1136 2501 in
1153 2435 1281 2504 Verona
1295 2441 1305 2475 ¹

156 2541 249 2609 obiit.
273 2542 325 2607 cui
347 2565 403 2627 per
418 2542 604 2608 concordem
620 2543 800 2628 principum
815 2542 988 2607 electorum
1003 2541 1188 2608 electionem
1204 2543 1306 2609 dictus

161 2647 326 2714 (leotadus
349 2648 413 2713 dux
429 2646 550 2714 Sueviae
574 2648 734 2729 successit,
759 2652 791 2713 et
811 2645 936 2714 Ulmam
958 2649 1141 2714 reaedificari
1157 2649 1309 2735 pracepit

159 2759 193 2820 et
214 2753 368 2838 ampliari.
412 2744 552 2819 Saxones
574 2757 681 2818 autem
704 2757 736 2818 et
759 2753 876 2818 Bavari
905 2775 942 2819 ac
964 2751 1068 2819 Italici
1094 2755 1129 2819 in
1156 2777 1215 2820 sua
1236 2777 1308 2839 per-

160 2863 326 2926 manentes
349 2859 533 2945 pertinacia,
557 2858 703 2926 Conrado
726 2859 921 2924 rebellarunt
950 2859 989 2924 ad
1013 2879 1104 2944 papae
1126 2860 1307 2940 iussionem,

159 2964 211 3030 cui
234 2964 346 3030 electio
369 2963 540 3048 displicuit.
585 2965 630 3030 Et
653 2965 716 3030 fuit
738 2964 846 3049 gravis
869 2964 1062 3029 concertatio
1085 2965 1169 3030 inter
1192 2968 1309 3049 partes,

159 3071 194 3136 in
229 3092 293 3156 qus
316 3071 550 3136 concertatione
581 3069 708 3135 initium
739 3069 874 3154 sumpsit
904 3069 1072 3135 maledicta
1105 3073 1136 3134 et
1158 3069 1310 3154 pestifera

160 3176 275 3242 divisio
298 3176 408 3262 populi
430 3174 595 3241 christiani
624 3175 658 3240 in
682 3173 857 3240 Gibellinos
887 3179 919 3240 et
942 3171 1081 3239 (laelios
1112 3197 1183 3259 quae
1211 3197 1311 3259 usque

160 3282 256 3348 hodie
278 3280 407 3348 Italiam
437 3281 588 3348 infectam
611 3285 708 3348 tenet.
755 3279 987 3346 AEdificabatur
1010 3284 1116 3345 autem
1140 3280 1251 3360 Ulma,
1279 3285 1311 3344 et

160 3393 231 3454 erat
253 3387 424 3468 Gibellina,
447 3387 480 3453 id
503 3391 552 3454 est
575 3388 613 3453 dc
636 3393 726 3472 parte
749 3387 850 3474 regis,
880 3389 913 3451 et
933 3384 1112 3470 Elchingen
1137 3385 1311 3470 Babylonis

161 3515 220 3560 arx
243 3497 312 3558 erat
327 3492 493 3574 Gwelfina,
515 3493 549 3558 id
572 3497 621 3558 est
642 3492 681 3556 de
699 3495 791 3576 parte
806 3513 906 3576 papae.
953 3490 1053 3556 Perre
1069 3489 1221 3556 Gibellini
1237 3513 1311 3575 pro·

159 3599 312 3665 ficiebant
333 3599 367 3664 in
383 3599 458 3678 dies,
484 3601 518 3663 et
539 3603 613 3682 port
634 3598 752 3662 multas
774 3601 897 3682 strages
912 3595 1073 3661 humiliati
1096 3600 1172 3660 sunt
1189 3594 1310 3676 Gwelfi,

161 3710 195 3771 et
210 3705 374 3772 Gouradus
390 3704 531 3770 obtinuit
545 3705 713 3789 imperium
730 3707 763 3769 et
777 3702 901 3768 reddita
916 3707 965 3767 est
980 3705 1074 3766 terrae
1091 3723 1162 3786 pax.
1190 3701 1310 3767 Verum

160 3811 273 3880 multis
288 3819 434 3895 suspecta
450 3815 519 3876 erat
533 3833 596 3895 pax
619 3815 652 3876 et
666 3809 775 3874 dolum
791 3809 824 3873 in
840 3829 917 3893 pace
932 3807 1159 3886 formidabant,
1183 3806 1312 3871 interim

162 3917 248 4004 quod
279 3939 336 3981 arx
365 3915 494 3980 inimica
523 3913 702 3999 Elchingen
734 3913 852 3978 militia
874 3911 1036 3978 Saxonum
1063 3912 1188 3976 munita
1220 3917 1311 3977 esset.

162 4021 365 4106 Quapropter
387 4019 550 4086 Oonradus
582 4041 637 4085 rex
668 4018 871 4084 demandavit
893 4015 1038 4082 Conrado
1068 4017 1138 4082 duci
1166 4015 1313 4082 Saxoniae

163 4125 347 4212 praesidium
379 4125 519 4205 militum
549 4123 660 4190 tollere
691 4124 729 4189 de
760 4143 848 4202 arce,
880 4125 913 4188 et
946 4143 1016 4186 eam
1048 4121 1136 4188 reddi
1166 4126 1199 4188 et
1220 4121 1313 4186 vendi

164 4229 299 4297 ducibus
314 4229 445 4310 Suesia,
469 4234 501 4295 et
516 4229 543 4294 ai
558 4227 683 4294 nullum
703 4227 818 4294 horum
833 4227 933 4306 fieret,
956 4227 988 4291 vi
1003 4249 1073 4292 eam
1092 4249 1203 4311 capere
1220 4225 1314 4292 vellet

730 4369 747 4406 s

240 4469 253 4523 1
273 4467 347 4534 aeia
366 4467 396 4522 in
413 4463 468 4522 den
486 4462 593 4521 liroler
611 4463 703 4535 alpen,
722 4461 776 4520 aas
791 4463 855 4519 dem
874 4461 1033 4534 beimwege.
