3072 4936
783 349 844 414 142

334 519 478 588 ¹Eodem
500 524 566 590 fere
587 528 729 608 tempore
752 523 970 591 deficientibus
985 523 1146 590 nobilibus
1162 526 1336 592 comitibus
1358 527 1398 592 de

240 733 356 800 fastein
373 759 443 800 cum
466 736 582 821 oppido
606 734 815 821 Geislingen³
830 741 862 802 et
878 737 1060 803 universum
1072 738 1248 804 dominium
1263 738 1346 804 illud
1361 739 1396 802 in

239 841 341 906 latum
364 845 396 907 et
418 843 451 906 in
467 843 599 928 longum
622 841 806 923 cumillis,
830 844 953 923 castris,
977 843 1115 928 praediis,
1138 844 1394 928 possessionibus

240 950 272 1010 et
295 947 443 1013 omuibus
468 948 600 1014 teloneis
623 949 657 1012 in
680 952 798 1014 sortem
821 946 1024 1014 Ulmensium
1046 949 1169 1028 cecidit,
1192 970 1251 1033 pro
1275 949 1393 1033 quibus

239 1053 387 1118 omnibus
402 1053 566 1138 ingentem
582 1054 651 1118 auri
668 1053 854 1120 thesaurum
869 1055 1028 1140 praedictis
1041 1053 1210 1119 comitibus
1225 1053 1392 1118 dederunt.

239 1159 273 1222 in
295 1157 355 1223 bac
389 1159 549 1243 emptione
580 1159 720 1244 practica
753 1159 933 1225 invidorum
966 1160 1052 1224 trina
1084 1159 1151 1223 dice
1181 1159 1220 1224 de
1242 1159 1394 1224 manibus

239 1263 440 1328 Ulmensium
473 1263 536 1328 fnit
566 1265 737 1330 comitatus
772 1269 893 1349 raptus,
925 1269 958 1330 et
979 1287 1102 1347 semper
1129 1263 1298 1328 restitutus
1320 1285 1394 1328 cum

239 1369 440 1434 vacillatione
463 1371 618 1454 quadarn,
651 1391 815 1454 quousque
837 1372 1019 1434 contractus
1041 1367 1105 1434 fuit
1137 1389 1193 1451 per
1214 1367 1338 1452 Papam
1360 1373 1394 1432 et

238 1473 400 1538 ecclesiam
433 1479 465 1539 ct
488 1495 544 1558 per
575 1474 800 1558 imperatorem
831 1479 864 1539 et
895 1475 1044 1540 electores
1076 1479 1108 1539 et
1131 1474 1244 1557 patriae
1267 1473 1393 1540 nobiles

239 1576 434 1661 approbatus
449 1581 482 1642 et
495 1577 611 1662 sigillis
623 1579 765 1644 omnium
776 1579 954 1660 roboratus,
971 1580 1049 1644 adeo
1064 1579 1149 1663 quod
1159 1577 1249 1642 nulla
1265 1579 1393 1644 ratione

238 1686 345 1766 potest
368 1705 401 1746 se
423 1681 495 1767 quis
517 1683 654 1768 amplius
677 1705 846 1768 opponere.
893 1685 962 1749 Hoc
984 1684 1070 1750 facto
1093 1684 1223 1750 comites
1246 1684 1391 1750 illustres

238 1790 277 1853 de
291 1787 492 1873 Werdaberg
514 1788 555 1853 ab
577 1789 758 1853 infelicibus
782 1787 914 1853 Judaeis
939 1788 1043 1854 Ulmae
1066 1790 1267 1854 morantibus
1291 1811 1391 1874 pecu·

239 1893 325 1959 niam
348 1895 387 1960 ad
421 1916 548 1960 usuram
579 1895 767 1979 accipientes
797 1895 831 1958 in
861 1899 953 1960 tanta
974 1895 1170 1960 devenerunt
1192 1896 1319 1975 debita,
1354 1900 1392 1960 ut
1432 1939 1435 1942 -

237 1999 455 2066 deficientibus
495 2001 684 2085 pignoribus
722 2000 894 2066 mobilibus
931 2000 1069 2084 pignora
1103 2000 1284 2066 immobilia
1313 2001 1391 2065 dare

236 2107 442 2192 cogebantur,
460 2108 543 2172 unde
558 2105 675 2172 nobilis
687 2106 858 2172 comitatus
870 2104 999 2192 Albegg
1015 2128 1087 2170 cum
1103 2109 1207 2170 castro
1222 2109 1255 2170 et
1269 2105 1390 2190 oppido

236 2215 268 2275 et
284 2212 431 2278 omnibus
454 2212 633 2277 attinentiis
649 2211 770 2276 ludaeis
792 2212 1027 2296 impignoratus
1043 2211 1142 2290 stetit,
1167 2214 1199 2276 et
1220 2210 1286 2275 iam
1304 2210 1390 2295 apud

234 2317 460 2402 imperatorem
483 2317 693 2396 laborabant,
725 2319 762 2380 ut
784 2315 960 2380 dominium
992 2320 1024 2382 et
1046 2319 1203 2394 castrum,
1227 2337 1301 2399 qnae
1323 2316 1389 2380 iam

235 2443 344 2486 eorum
367 2427 469 2501 erant,
493 2444 549 2506 per
571 2443 676 2486 usurae
691 2421 964 2505 consumptionem
977 2420 1158 2486 inhabitare
1180 2423 1213 2484 et
1227 2421 1390 2504 possidere

235 2530 372 2611 possent.
397 2527 481 2611 quod
505 2531 542 2592 ut
566 2525 730 2592 Ulmenses
753 2527 999 2610 perpenderunt,
1022 2527 1211 2592 comitatum
1233 2525 1327 2590 illum
1351 2526 1390 2590 de

236 2633 381 2696 manibus
398 2631 592 2698 Judaeorum
615 2633 816 2698 redemerunt
839 2635 871 2697 et
891 2633 1099 2716 possederunt
1121 2654 1221 2716 usque
1244 2632 1279 2696 in
1302 2631 1389 2696 hunc

235 2738 328 2802 diem.
378 2737 505 2801 Dicitur
534 2740 640 2801 autem
673 2736 899 2816 communiter,
932 2737 1016 2821 quod
1050 2735 1179 2820 quidam
1213 2757 1319 2800 comes
1350 2737 1388 2802 de

236 2841 435 2928 Werdsberg
457 2842 548 2908 illum
571 2842 759 2906 comitatum
781 2842 1011 2926 consumpserit
1032 2865 1091 2926 pro
1106 2843 1228 2908 lebetis.
1253 2843 1386 2926 recipie-

235 2949 291 3013 bat
313 2947 398 3012 enim
420 2949 569 3012 continue
583 2947 689 3013 Ulmae
712 2969 770 3031 pro
792 2947 926 3031 pecunia
947 2947 1097 3012 solvendo
1112 2946 1234 3012 lebetes
1248 2947 1272 3026 ⁴,
1297 2953 1330 3012 et
1352 2949 1385 3011 in

234 3057 361 3118 tentum
384 3053 484 3117 crevit
506 3052 665 3131 debitum,
701 3056 738 3115 ut
759 3052 838 3116 illud
862 3073 926 3116 non
949 3057 1056 3136 posset
1078 3051 1200 3117 solvere
1223 3052 1286 3116 nisi
1310 3075 1387 3116 ven-

234 3160 337 3224 dendo
359 3158 557 3223 comitatum.
603 3157 731 3222 Interea
753 3157 861 3222 eodem
884 3179 1010 3242 quoque
1032 3161 1174 3241 tempore
1196 3157 1325 3224 devenit
1346 3159 1385 3223 sd

235 3287 348 3330 manus
371 3263 572 3329 Ulmensium
595 3267 699 3328 totum
722 3263 897 3328 dominium
920 3261 1131 3348 Hochberg⁶‚
1164 3284 1237 3327 cum
1260 3264 1385 3348 oppidis

234 3367 425 3454 Retenburg
457 3373 490 3434 et
513 3368 612 3434 Horw
635 3372 668 3433 et
698 3369 811 3434 castris
840 3390 876 3434 aa
898 3368 1002 3448 villis,
1031 3371 1064 3434 et
1095 3366 1205 3432 multis
1236 3369 1330 3434 annis
1353 3371 1385 3434 id

234 3475 452 3559 possederunt,
476 3496 640 3559 quousque
662 3474 726 3539 dux
744 3473 884 3539 Austriae
907 3475 1049 3539 redemit.
1096 3471 1261 3550 Quomodo
1278 3479 1385 3540 autem

234 3581 295 3646 hcc
317 3581 493 3646 dominium
516 3583 548 3646 in
572 3603 685 3646 manus
708 3579 910 3646 Ulmensium
933 3579 1104 3659 devenerit,
1128 3583 1160 3644 et
1183 3579 1313 3663 quando
1336 3603 1384 3645 re·

234 3687 398 3770 demptum
421 3687 480 3766 sit,
513 3687 662 3751 chronica
684 3684 885 3759 Ulmensium
908 3685 1008 3750 docet.
1055 3683 1106 3750 Sic
1138 3705 1215 3769 ergo
1238 3707 1304 3750 non
1327 3685 1383 3750 ob·

234 3791 394 3857 stantibus
410 3791 555 3875 expensis
571 3791 779 3876 gravissimis,
802 3812 880 3876 quas
896 3789 1063 3856 Ulmenses
1078 3789 1263 3854 aedificando
1279 3791 1385 3855 muni-

234 3897 337 3962 tiones
353 3919 417 3963 suse
435 3898 575 3964 civitatis
591 3897 751 3962 faciebant
767 3901 799 3962 et
815 3897 1027 3962 construendo
1043 3896 1205 3962 ecclesiam
1220 3897 1385 3982 ingentem

800 4007 818 4046 *

306 4089 477 4155 lQuartum
496 4105 565 4157 opus
584 4088 765 4158 magnificum
791 4089 863 4145 Mon.
892 4090 903 4142 l
926 4105 972 4142 am
997 4075 1093 4143 rende.
1183 4085 1386 4144 2Helffestein

234 4177 308 4234 Mon.
328 4179 351 4232 1.
387 4175 571 4232 Helllenstein
590 4177 636 4232 Kl.
654 4177 741 4232 Wibl.
778 4176 945 4233 Helffastein
971 4175 1051 4233 Gold.
1070 4177 1111 4232 ut.
1201 4174 1384 4244 3Gislingen

234 4265 314 4322 Gold.
334 4267 374 4319 ut.
411 4263 552 4319 tlebetcs
570 4264 659 4320 Wibl.
695 4265 802 4322 lebetes
820 4263 911 4320 Schm.
929 4265 986 4319 und
1005 4263 1050 4319 die
1068 4263 1183 4320 andern.
1221 4263 1290 4318 Was
1304 4261 1385 4318 heillt

234 4353 311 4406 dea?
330 4352 413 4415 lebes,
432 4351 540 4415 lebetis,
554 4369 589 4408 m.
603 4351 683 4407 beisst
696 4352 794 4418 kessel,
807 4351 977 4416 kochlressel,
994 4351 1071 4422 topf;
1091 4351 1179 4406 aber?
1203 4351 1292 4422 vergl.
1306 4369 1327 4405 s.
1338 4353 1383 4406 27.

234 4439 299 4516 5⁵³0
320 4438 385 4504 alle,
404 4440 453 4522 tur
466 4437 645 4511 Hohcnberg,
663 4439 703 4495 im
721 4440 1021 4512 wurttembergiscben
1039 4439 1167 4498 oberant
1185 4438 1385 4510 speichingas
