3080 4938
788 347 829 411 62

235 521 400 587 interiecto
424 527 565 606 tempore
586 546 605 586 a
627 521 822 588 desolatione
836 522 950 602 Troiae,
978 521 1184 608 Carthaginis
1209 528 1242 589 et
1266 523 1389 608 Roma,

235 626 282 690 ita
305 627 390 711 quod
413 649 497 691 nunc
520 628 610 711 quasi
634 627 714 691 nulli
737 628 859 692 nobiles
882 628 916 692 in
939 628 1122 718 civitatibus
1145 634 1178 694 ct
1200 633 1291 694 extra
1313 653 1389 696 suas

235 732 340 796 sciunt
362 754 420 816 pro
453 737 539 798 certo
563 733 720 816 origines,
753 733 814 798 nisi
837 734 930 824 pauci
953 733 991 798 de
1013 733 1203 814 maioribus,
1234 740 1272 801 ut
1293 735 1388 802 duces

235 842 267 902 et
289 837 432 904 barones.

324 941 458 1008 Secundi
480 944 602 1009 nobiles
634 944 718 1008 cives
740 950 816 1010 sunt
847 947 902 1031 qui
924 944 1043 1010 relictis
1069 945 1181 1012 castris
1204 950 1237 1011 et
1259 945 1389 1012 habita-

235 1048 315 1114 culis
347 1049 587 1134 progenitorum
618 1072 747 1115 suorum
779 1051 828 1116 vel
851 1056 981 1136 propter
1010 1073 1143 1136 guerras
1173 1050 1224 1116 vel
1256 1059 1389 1136 propter

238 1154 369 1219 taedium
385 1154 565 1220 solitudinis
592 1155 642 1220 vel
665 1161 796 1240 propter
811 1157 967 1223 defectum
982 1158 1230 1222 necessariorum
1253 1157 1294 1222 ad
1308 1159 1387 1224 civi·

234 1263 316 1324 tates
331 1259 561 1346 migraverunt.
585 1263 787 1346 quamplures
803 1263 887 1326 enim
909 1263 974 1328 iam
989 1267 1063 1328 actu
1084 1287 1104 1328 a
1125 1263 1227 1329 multo
1242 1270 1387 1349 tempore

167 1420 169 1428 .
234 1365 268 1428 in
291 1363 388 1430 Ulma
411 1365 549 1450 degunt,
582 1388 718 1450 quorum
741 1372 846 1450 patres
879 1374 983 1433 castra
1004 1369 1230 1452 possederunt,
1262 1371 1386 1455 dequo

235 1469 330 1535 hodie
353 1471 461 1536 literas
485 1475 630 1555 patentes
654 1472 834 1550 ostendunt,
857 1474 910 1538 sed
934 1473 1026 1538 bellis
1043 1475 1157 1539 arctati
1180 1479 1212 1540 et
1234 1477 1335 1541 coacti
1352 1477 1386 1541 in

235 1576 380 1641 civitates
397 1577 619 1670 confugerunt,
642 1579 749 1666 sicque
764 1578 877 1644 castris
899 1579 1035 1644 incensis
1059 1583 1091 1644 et
1106 1579 1276 1645 destructis
1298 1580 1383 1645 civili

234 1681 319 1746 vitae
341 1703 374 1746 se
389 1681 593 1748 contuleruut
615 1688 646 1748 et
669 1705 813 1748 successu
829 1683 982 1768 temporis
998 1705 1054 1768 ρετ
1069 1685 1173 1750 varios
1196 1707 1287 1750 casus
1303 1687 1385 1751 titu-

234 1789 282 1850 los
305 1809 369 1851 suae
391 1786 600 1871 ingenuitatis
622 1788 812 1868 amiserunt,
846 1789 1004 1874 praecipue
1026 1812 1083 1873 ρετ
1103 1791 1263 1856 connubia
1286 1793 1385 1856 rusti-

237 1915 325 1957 cana.
373 1892 440 1956 Alii
462 1893 558 1958 etiam
575 1893 613 1958 de
635 1893 808 1959 maioribus
825 1893 985 1959 nobilibus
1001 1895 1116 1959 arctati
1131 1895 1226 1960 bellis
1249 1900 1283 1961 et
1297 1902 1384 1962 metu
1405 1977 1410 1987 Ι

237 1997 370 2063 alicuius
392 1999 482 2079 moti,
505 1999 556 2064 vel
579 2021 695 2080 amore,
720 2005 776 2064 aut
798 1999 948 2080 amicitia,
971 1999 1126 2064 habentes
1148 2000 1246 2066 fortia
1270 2006 1383 2082 castra,

234 2103 470 2188 acquisiverunt
492 2104 554 2168 sibi
576 2104 751 2190 obsequiis,
785 2110 841 2170 aut
864 2105 958 2171 certis
980 2107 1119 2188 meritis,
1150 2112 1207 2174 aut
1228 2109 1331 2194 pactis
1354 2112 1385 2172 et

234 2209 478 2289 conditionibus,
502 2209 618 2274 civium
642 2210 775 2275 alicuius
799 2211 928 2276 famosae
951 2215 983 2276 et
1004 2210 1065 2276 sibi
1086 2213 1285 2298 propinquae
1308 2214 1384 2279 civi·

127 2389 132 2398 Ι
207 2363 211 2374 .
234 2315 311 2378 tatis
326 2315 476 2399 gratiam,
500 2318 532 2378 et
548 2314 710 2400 civilegia¹
734 2316 903 2400 accipiunt,
927 2338 1023 2382 onera
1039 2321 1071 2382 et
1092 2317 1164 2382 iura
1179 2318 1385 2403 municipalia

235 2419 381 2498 subeunt,
405 2425 438 2485 et
452 2421 569 2484 civium
592 2420 769 2506 privilegiis
784 2421 910 2486 auxiliis
933 2427 965 2486 et
985 2411 1217 2508 praerogativis
1232 2425 1383 2510 gaudent.

234 2546 291 2588 nec
313 2546 369 2608 ρετ
393 2525 451 2589 hoc
473 2525 632 2589 tolluntur
654 2525 698 2590 eis
723 2525 891 2612 privilegia
922 2527 1119 2607 nobilitatis,
1154 2529 1209 2594 sed
1241 2531 1385 2616 utrisque

110 2662 113 2674 ·
193 2657 195 2668 ⁴
234 2629 376 2712 gaudent
398 2629 444 2712 (ff.
481 2629 617 2715 [digest]
650 2631 688 2695 de
711 2629 831 2696 Senatu
861 2634 1057 2718 senatorum)
1080 2657 1137 2719 ρετ
1168 2635 1384 2700 autoritatem.

233 2733 345 2798 Potest
376 2757 452 2820 ergo
483 2736 600 2800 nobilis
623 2736 747 2801 civitati
769 2737 862 2802 alicui
891 2739 1106 2823 incorporari,
1141 2740 1229 2806 salvo
1261 2763 1385 2826 semper

233 2839 456 2923 imperatoriae
487 2841 663 2906 maiestatis
696 2842 774 2907 iure.
818 2842 863 2908 Et
894 2844 1002 2910 taliter
1024 2845 1087 2910 luit
1119 2846 1197 2912 civis
1221 2847 1385 2913 Romanus

234 2949 362 3010 sanctus
378 2935 503 3027 Paulus,
528 2951 563 3012 ut
586 2947 721 3014 habetur
736 2945 807 3014 Act.
835 2946 909 3014 16.²
933 2949 979 3032 (et
1000 2955 1037 3015 ut
1059 2951 1179 3037 legitur
1201 2959 1234 3018 et
1255 2959 1387 3020 notatur

234 3049 299 3134 dig.
319 3052 359 3116 10
375 3051 402 3115 si
418 3051 451 3116 in
468 3052 660 3118 adiutorium
683 3103 691 3118 .
716 3053 777 3138 .³),
802 3055 877 3136 quia
892 3060 960 3119 erat
975 3056 1092 3121 nobilis
1107 3080 1233 3143 genere,
1257 3065 1295 3122 ut
1309 3059 1386 3123 dicit

233 3157 340 3240 glossa
363 3157 402 3221 ad
426 3160 445 3222 2
469 3157 551 3223 Tim.
575 3158 631 3222 ult.
678 3157 923 3242 Transmigrant
938 3159 1035 3224 etiam
1059 3161 1183 3227 nobiles
1207 3165 1246 3227 de
1269 3163 1382 3228 castris

234 3263 274 3325 ad
298 3263 443 3328 civitates
459 3269 589 3348 propter
604 3263 743 3328 taedium
759 3263 949 3344 solitudinis,
974 3267 1058 3350 quod
1075 3266 1195 3332 habant
1210 3269 1243 3332 in
1262 3269 1383 3348 castris,

234 3371 266 3432 et
289 3369 439 3434 solatium
454 3370 626 3448 societatis
651 3370 735 3454 quod
757 3370 925 3434 inveniunt
947 3371 980 3434 in
996 3372 1192 3452 civitatibus,
1216 3379 1248 3439 et
1263 3374 1384 3439 ventris

233 3472 538 3558 ingurgitationem,
573 3497 667 3559 quam
698 3475 819 3540 habent
841 3476 874 3540 in
898 3476 1056 3556 tabernis,
1088 3483 1121 3542 et
1143 3484 1274 3563 propter
1306 3481 1385 3545 alias

234 3578 415 3662 voluptates
440 3581 479 3645 ad
503 3581 596 3645 urbes
619 3579 793 3658 confluunt,
816 3581 994 3664 postposita
1009 3581 1135 3662 militia,
1158 3588 1196 3647 ut
1217 3584 1385 3650 imitentur

234 3683 350 3748 civium
375 3685 462 3750 vitia.
509 3685 621 3750 Castra
643 3685 763 3749 enims
785 3686 952 3750 castrando
974 3690 1049 3750 sunt
1065 3687 1159 3766 dicta,
1185 3689 1261 3772 quia
1284 3691 1316 3754 in
1340 3690 1385 3754 eis
1486 3738 1494 3750 .

235 3787 311 3852 olim
336 3789 402 3854 veri
425 3789 547 3854 nobiles
571 3789 650 3854 casti
674 3789 982 3854 etcastimonialiter
1004 3791 1248 3858 inabstinentia
1271 3794 1385 3879 volup-

234 3898 337 3959 tatum
361 3895 526 3974 vivebant,
560 3895 717 3961 exercitiis
739 3895 932 3960 militaribus
959 3895 1124 3960 instabant
1146 3917 1258 3975 cursu,
1290 3901 1385 3980 saltu,

235 4023 293 4065 usu
309 4001 452 4082 natandi,
469 4023 567 4085 equos
583 4001 683 4086 agiles
693 3999 848 4082 faciendo,
864 4005 896 4066 et
908 4001 1070 4067 venationi
1083 4002 1250 4083 vacabant,
1267 4005 1385 4090 quibus

799 4143 817 4182 *

310 4255 321 4307 l
342 4252 477 4324 ciuilegla
490 4254 563 4309 Mon.
577 4253 600 4308 2.
621 4251 719 4307 Schad.
733 4250 776 4306 Kl.
789 4250 862 4306 Besa.
880 4251 965 4306 Wibl.
979 4250 1063 4308 Woll.
1097 4251 1250 4322 privilegia
1262 4253 1385 4311 Schmid.

233 4340 301 4398 Gok.
369 4341 464 4395 alet.
489 4343 528 4405 16,
546 4342 580 4396 37
598 4339 656 4395 und
675 4339 717 4405 22,
736 4340 779 4394 25.
835 4339 899 4396 adi
918 4341 950 4396 10
969 4339 998 4394 Si
1016 4340 1045 4395 in
1065 4339 1238 4397 adiutorium
1260 4343 1322 4398 Sch.
1342 4341 1385 4398 Kl.

234 4429 271 4484 di.
291 4447 330 4486 co.
350 4429 422 4484 siin
442 4431 493 4484 etc.
514 4429 599 4486 Woll.
636 4427 700 4486 dist.
722 4429 754 4484 10
772 4445 831 4500 cap.
851 4427 921 4484 siin
940 4428 1110 4486 adiutorium
1130 4429 1252 4485 Schmid.
1271 4431 1356 4486 Wibl.
