<?xml version="1.0" encoding="UTF-8"?>
<!DOCTYPE html PUBLIC "-//W3C//DTD XHTML 1.0 Transitional//EN"
    "http://www.w3.org/TR/xhtml1/DTD/xhtml1-transitional.dtd">
<html xmlns="http://www.w3.org/1999/xhtml" xml:lang="en" lang="en">
 <head>
  <title>
</title>
<meta http-equiv="Content-Type" content="text/html;charset=utf-8" />
  <meta name='ocr-system' content='tesseract 3.04.00' />
  <meta name='ocr-capabilities' content='ocr_page ocr_carea ocr_par ocr_line ocrx_word'/>
</head>
<body>
  <div class='ocr_page' id='page_1' title='image "./vitabeatevirgin01vggoog_0669.png"; bbox 0 0 3060 4936; ppageno 0'>
   <div class='ocr_carea' id='block_1_1' title="bbox 690 359 752 428">
    <p class='ocr_par' dir='ltr' id='par_1_1' title="bbox 690 359 752 428">
     <span class='ocr_line' id='line_1_1' title="bbox 690 359 752 428; baseline 0.032 -2"><span class='ocrx_word' id='word_1_1' title='bbox 690 359 752 428; x_wconf 87' lang='lat'><strong>205</strong></span> 
     </span>
    </p>
   </div>
   <div class='ocr_carea' id='block_1_2' title="bbox 112 519 1397 3048">
    <p class='ocr_par' dir='ltr' id='par_1_2' title="bbox 112 519 1397 3048">
     <span class='ocr_line' id='line_1_2' title="bbox 152 519 1300 625; baseline 0.005 -25"><span class='ocrx_word' id='word_1_2' title='bbox 152 534 191 600; x_wconf 88' lang='lat' dir='ltr'><strong>de</strong></span> <span class='ocrx_word' id='word_1_3' title='bbox 213 535 344 602; x_wconf 89' lang='lat' dir='ltr'><strong>civitate</strong></span> <span class='ocrx_word' id='word_1_4' title='bbox 359 559 431 602; x_wconf 89' lang='lat' dir='ltr'><strong>cum</strong></span> <span class='ocrx_word' id='word_1_5' title='bbox 453 519 578 623; x_wconf 74' lang='lat' dir='ltr'><strong>ingenti</strong></span> <span class='ocrx_word' id='word_1_6' title='bbox 598 537 813 620; x_wconf 87' lang='lat' dir='ltr'><strong>multitudine,</strong></span> <span class='ocrx_word' id='word_1_7' title='bbox 837 544 990 625; x_wconf 89' lang='lat' dir='ltr'><strong>tanquam</strong></span> <span class='ocrx_word' id='word_1_8' title='bbox 1006 540 1046 605; x_wconf 92' lang='lat' dir='ltr'><strong>ad</strong></span> <span class='ocrx_word' id='word_1_9' title='bbox 1068 543 1225 606; x_wconf 89' lang='lat' dir='ltr'><strong>certamen</strong></span> <span class='ocrx_word' id='word_1_10' title='bbox 1242 559 1300 625; x_wconf 92' lang='lat' dir='ltr'><strong>pro</strong></span> 
     </span>
     <span class='ocr_line' id='line_1_3' title="bbox 150 640 1298 726; baseline 0.005 -21"><span class='ocrx_word' id='word_1_11' title='bbox 150 640 256 726; x_wconf 87' lang='lat' dir='ltr'><strong>gloria</strong></span> <span class='ocrx_word' id='word_1_12' title='bbox 272 640 340 720; x_wconf 92' lang='lat' dir='ltr'><strong>Dei,</strong></span> <span class='ocrx_word' id='word_1_13' title='bbox 357 642 511 708; x_wconf 88' lang='lat' dir='ltr'><strong>habentes</strong></span> <span class='ocrx_word' id='word_1_14' title='bbox 528 663 633 708; x_wconf 89' lang='lat' dir='ltr'><strong>secum</strong></span> <span class='ocrx_word' id='word_1_15' title='bbox 650 643 683 708; x_wconf 91' lang='lat' dir='ltr'><strong>in</strong></span> <span class='ocrx_word' id='word_1_16' title='bbox 699 644 845 709; x_wconf 87' lang='lat' dir='ltr'><strong>curribus</strong></span> <span class='ocrx_word' id='word_1_17' title='bbox 861 643 1056 710; x_wconf 74' lang='lat' dir='ltr'><strong>abbatissam</strong></span> <span class='ocrx_word' id='word_1_18' title='bbox 1072 645 1298 711; x_wconf 89' lang='lat' dir='ltr'><strong>instituendam</strong></span> 
     </span>
     <span class='ocr_line' id='line_1_4' title="bbox 147 747 1300 816; baseline 0.003 -4"><span class='ocrx_word' id='word_1_19' title='bbox 147 767 221 812; x_wconf 89' lang='lat' dir='ltr'><strong>cum</strong></span> <span class='ocrx_word' id='word_1_20' title='bbox 245 747 437 814; x_wconf 80' lang='lat' dir='ltr'><strong>monialibus</strong></span> <span class='ocrx_word' id='word_1_21' title='bbox 460 752 577 814; x_wconf 76' lang='lat' dir='ltr'><strong>sancta</strong></span> <span class='ocrx_word' id='word_1_22' title='bbox 600 747 701 816; x_wconf 82' lang='lat' dir='ltr'><strong>Glarae</strong></span> <span class='ocrx_word' id='word_1_23' title='bbox 725 749 834 815; x_wconf 91' lang='lat' dir='ltr'><strong>multis</strong></span> <span class='ocrx_word' id='word_1_24' title='bbox 857 751 895 815; x_wconf 90' lang='lat' dir='ltr'><strong>de</strong></span> <span class='ocrx_word' id='word_1_25' title='bbox 918 750 1129 816; x_wconf 86' lang='lat' dir='ltr'><strong>observantia.</strong></span> <span class='ocrx_word' id='word_1_26' title='bbox 1175 751 1220 816; x_wconf 86' lang='lat' dir='ltr'><strong>Et</strong></span> <span class='ocrx_word' id='word_1_27' title='bbox 1249 753 1300 816; x_wconf 90' lang='lat' dir='ltr'><strong>in-</strong></span> 
     </span>
     <span class='ocr_line' id='line_1_5' title="bbox 148 853 1299 939; baseline 0.002 -21"><span class='ocrx_word' id='word_1_28' title='bbox 148 853 251 939; x_wconf 79' lang='lat' dir='ltr'><strong>gressi</strong></span> <span class='ocrx_word' id='word_1_29' title='bbox 276 854 505 918; x_wconf 87' lang='lat' dir='ltr'><strong>monastarium</strong></span> <span class='ocrx_word' id='word_1_30' title='bbox 522 855 687 939; x_wconf 86' lang='lat' dir='ltr'><strong>antiquam</strong></span> <span class='ocrx_word' id='word_1_31' title='bbox 710 855 904 922; x_wconf 77' lang='lat' dir='ltr'><strong>abbatissam</strong></span> <span class='ocrx_word' id='word_1_32' title='bbox 928 855 1089 920; x_wconf 88' lang='lat' dir='ltr'><strong>dominam</strong></span> <span class='ocrx_word' id='word_1_33' title='bbox 1104 853 1299 922; x_wconf 78' lang='lat' dir='ltr'><strong>Christinam</strong></span> 
     </span>
     <span class='ocr_line' id='line_1_6' title="bbox 149 955 1397 1046; baseline 0.004 -22"><span class='ocrx_word' id='word_1_34' title='bbox 149 955 270 1024; x_wconf 80' lang='lat' dir='ltr'><strong>Strolin</strong></span> <span class='ocrx_word' id='word_1_35' title='bbox 293 958 331 1024; x_wconf 90' lang='lat' dir='ltr'><strong>de</strong></span> <span class='ocrx_word' id='word_1_36' title='bbox 353 956 450 1025; x_wconf 86' lang='lat' dir='ltr'><strong>Ulma</strong></span> <span class='ocrx_word' id='word_1_37' title='bbox 480 959 670 1026; x_wconf 89' lang='lat' dir='ltr'><strong>auctoritate</strong></span> <span class='ocrx_word' id='word_1_38' title='bbox 699 960 872 1046; x_wconf 89' lang='lat' dir='ltr'><strong>apostolica</strong></span> <span class='ocrx_word' id='word_1_39' title='bbox 894 961 1117 1039; x_wconf 88' lang='lat' dir='ltr'><strong>destituerunt,</strong></span> <span class='ocrx_word' id='word_1_40' title='bbox 1140 965 1172 1027; x_wconf 92' lang='lat' dir='ltr'><strong>et</strong></span> <span class='ocrx_word' id='word_1_41' title='bbox 1195 961 1397 1040; x_wconf 58' lang='lat' dir='ltr'><strong>omnesp‘ifllz,</strong></span> 
     </span>
     <span class='ocr_line' id='line_1_7' title="bbox 152 1063 1300 1146; baseline 0.003 -16"><span class='ocrx_word' id='word_1_42' title='bbox 152 1064 261 1130; x_wconf 89' lang='lat' dir='ltr'><strong>officia</strong></span> <span class='ocrx_word' id='word_1_43' title='bbox 284 1063 437 1132; x_wconf 87' lang='lat' dir='ltr'><strong>babentes</strong></span> <span class='ocrx_word' id='word_1_44' title='bbox 452 1065 667 1146; x_wconf 88' lang='lat' dir='ltr'><strong>absoluerunt,</strong></span> <span class='ocrx_word' id='word_1_45' title='bbox 692 1073 724 1133; x_wconf 89' lang='lat' dir='ltr'><strong>et</strong></span> <span class='ocrx_word' id='word_1_46' title='bbox 746 1068 780 1132; x_wconf 89' lang='lat' dir='ltr'><strong>in</strong></span> <span class='ocrx_word' id='word_1_47' title='bbox 796 1089 905 1132; x_wconf 90' lang='lat' dir='ltr'><strong>earum</strong></span> <span class='ocrx_word' id='word_1_48' title='bbox 928 1067 1033 1133; x_wconf 88' lang='lat' dir='ltr'><strong>locam</strong></span> <span class='ocrx_word' id='word_1_49' title='bbox 1057 1068 1208 1133; x_wconf 90' lang='lat' dir='ltr'><strong>adductas</strong></span> <span class='ocrx_word' id='word_1_50' title='bbox 1224 1069 1300 1133; x_wconf 91' lang='lat' dir='ltr'><strong>sub-</strong></span> 
     </span>
     <span class='ocr_line' id='line_1_8' title="bbox 112 1172 1300 1255; baseline 0.003 -21"><span class='ocrx_word' id='word_1_51' title='bbox 112 1247 118 1254; x_wconf 35' lang='lat'><strong>,</strong></span> <span class='ocrx_word' id='word_1_52' title='bbox 151 1177 355 1255; x_wconf 88' lang='lat' dir='ltr'><strong>rogaverunt.</strong></span> <span class='ocrx_word' id='word_1_53' title='bbox 403 1172 537 1250; x_wconf 81' lang='lat' dir='ltr'><strong>Quanta</strong></span> <span class='ocrx_word' id='word_1_54' title='bbox 553 1176 660 1238; x_wconf 84' lang='lat' dir='ltr'><strong>antem</strong></span> <span class='ocrx_word' id='word_1_55' title='bbox 682 1172 781 1238; x_wconf 78' lang='lat' dir='ltr'><strong>inhia</strong></span> <span class='ocrx_word' id='word_1_56' title='bbox 805 1172 953 1238; x_wconf 89' lang='lat' dir='ltr'><strong>omnibus</strong></span> <span class='ocrx_word' id='word_1_57' title='bbox 970 1173 1091 1238; x_wconf 87' lang='lat' dir='ltr'><strong>fuerint</strong></span> <span class='ocrx_word' id='word_1_58' title='bbox 1112 1173 1300 1240; x_wconf 89' lang='lat' dir='ltr'><strong>monialium</strong></span> 
     </span>
     <span class='ocr_line' id='line_1_9' title="bbox 148 1275 1300 1364; baseline 0.002 -24"><span class='ocrx_word' id='word_1_59' title='bbox 148 1275 276 1340; x_wconf 90' lang='lat' dir='ltr'><strong>illarum</strong></span> <span class='ocrx_word' id='word_1_60' title='bbox 299 1276 487 1356; x_wconf 71' lang='lat' dir='ltr'><strong>insolentia,</strong></span> <span class='ocrx_word' id='word_1_61' title='bbox 511 1277 675 1358; x_wconf 88' lang='lat' dir='ltr'><strong>clamores,</strong></span> <span class='ocrx_word' id='word_1_62' title='bbox 700 1277 847 1358; x_wconf 86' lang='lat' dir='ltr'><strong>eiulatus,</strong></span> <span class='ocrx_word' id='word_1_63' title='bbox 870 1279 997 1364; x_wconf 82' lang='lat' dir='ltr'><strong>rugitus</strong></span> <span class='ocrx_word' id='word_1_64' title='bbox 1020 1283 1052 1344; x_wconf 90' lang='lat' dir='ltr'><strong>et</strong></span> <span class='ocrx_word' id='word_1_65' title='bbox 1073 1277 1177 1356; x_wconf 88' lang='lat' dir='ltr'><strong>fletus,</strong></span> <span class='ocrx_word' id='word_1_66' title='bbox 1200 1277 1300 1342; x_wconf 92' lang='lat' dir='ltr'><strong>male·</strong></span> 
     </span>
     <span class='ocr_line' id='line_1_10' title="bbox 147 1380 1299 1468; baseline 0.003 -23"><span class='ocrx_word' id='word_1_67' title='bbox 147 1380 312 1460; x_wconf 79' lang='lat' dir='ltr'><strong>dictiones,</strong></span> <span class='ocrx_word' id='word_1_68' title='bbox 336 1381 559 1466; x_wconf 84' lang='lat' dir='ltr'><strong>blasphemiae,</strong></span> <span class='ocrx_word' id='word_1_69' title='bbox 589 1384 832 1468; x_wconf 75' lang='lat' dir='ltr'><strong>imprecationes</strong></span> <span class='ocrx_word' id='word_1_70' title='bbox 853 1384 1009 1449; x_wconf 89' lang='lat' dir='ltr'><strong>malorum</strong></span> <span class='ocrx_word' id='word_1_71' title='bbox 1033 1383 1299 1462; x_wconf 80' lang='lat' dir='ltr'><strong>inconsolatum,</strong></span> 
     </span>
     <span class='ocr_line' id='line_1_11' title="bbox 148 1487 1300 1574; baseline 0.002 -24"><span class='ocrx_word' id='word_1_72' title='bbox 148 1487 364 1571; x_wconf 89' lang='lat' dir='ltr'><strong>improperia¹</strong></span> <span class='ocrx_word' id='word_1_73' title='bbox 390 1487 421 1552; x_wconf 91' lang='lat' dir='ltr'><strong>in</strong></span> <span class='ocrx_word' id='word_1_74' title='bbox 446 1489 618 1574; x_wconf 89' lang='lat' dir='ltr'><strong>magistros</strong></span> <span class='ocrx_word' id='word_1_75' title='bbox 641 1489 768 1568; x_wconf 90' lang='lat' dir='ltr'><strong>civium,</strong></span> <span class='ocrx_word' id='word_1_76' title='bbox 791 1489 1004 1574; x_wconf 81' lang='lat' dir='ltr'><strong>despectiones</strong></span> <span class='ocrx_word' id='word_1_77' title='bbox 1026 1489 1201 1567; x_wconf 88' lang='lat' dir='ltr'><strong>doctorum,</strong></span> <span class='ocrx_word' id='word_1_78' title='bbox 1224 1510 1300 1553; x_wconf 88' lang='lat' dir='ltr'><strong>con·</strong></span> 
     </span>
     <span class='ocr_line' id='line_1_12' title="bbox 149 1591 1300 1680; baseline 0.004 -25"><span class='ocrx_word' id='word_1_79' title='bbox 149 1591 291 1658; x_wconf 83' lang='lat' dir='ltr'><strong>tumeliae</strong></span> <span class='ocrx_word' id='word_1_80' title='bbox 315 1599 347 1660; x_wconf 90' lang='lat' dir='ltr'><strong>et</strong></span> <span class='ocrx_word' id='word_1_81' title='bbox 369 1594 473 1675; x_wconf 81' lang='lat' dir='ltr'><strong>minae,</strong></span> <span class='ocrx_word' id='word_1_82' title='bbox 497 1617 560 1660; x_wconf 92' lang='lat' dir='ltr'><strong>non</strong></span> <span class='ocrx_word' id='word_1_83' title='bbox 584 1599 690 1680; x_wconf 89' lang='lat' dir='ltr'><strong>potest</strong></span> <span class='ocrx_word' id='word_1_84' title='bbox 705 1597 855 1661; x_wconf 85' lang='lat' dir='ltr'><strong>enarrari.</strong></span> <span class='ocrx_word' id='word_1_85' title='bbox 903 1596 1038 1674; x_wconf 77' lang='lat' dir='ltr'><strong>Quantae</strong></span> <span class='ocrx_word' id='word_1_86' title='bbox 1058 1597 1164 1660; x_wconf 84' lang='lat' dir='ltr'><strong>autem</strong></span> <span class='ocrx_word' id='word_1_87' title='bbox 1186 1598 1300 1660; x_wconf 75' lang='lat' dir='ltr'><strong>secutae</strong></span> 
     </span>
     <span class='ocr_line' id='line_1_13' title="bbox 150 1697 1299 1785; baseline 0.003 -23"><span class='ocrx_word' id='word_1_88' title='bbox 150 1698 216 1762; x_wconf 89' lang='lat' dir='ltr'><strong>sint</strong></span> <span class='ocrx_word' id='word_1_89' title='bbox 231 1697 448 1780; x_wconf 85' lang='lat' dir='ltr'><strong>difficultates,</strong></span> <span class='ocrx_word' id='word_1_90' title='bbox 464 1705 592 1785; x_wconf 76' lang='lat' dir='ltr'><strong>quante</strong></span> <span class='ocrx_word' id='word_1_91' title='bbox 608 1701 816 1780; x_wconf 85' lang='lat' dir='ltr'><strong>turbationes,</strong></span> <span class='ocrx_word' id='word_1_92' title='bbox 833 1704 912 1785; x_wconf 91' lang='lat' dir='ltr'><strong>quot</strong></span> <span class='ocrx_word' id='word_1_93' title='bbox 926 1699 1077 1785; x_wconf 89' lang='lat' dir='ltr'><strong>pericula,</strong></span> <span class='ocrx_word' id='word_1_94' title='bbox 1095 1704 1174 1785; x_wconf 90' lang='lat' dir='ltr'><strong>quot</strong></span> <span class='ocrx_word' id='word_1_95' title='bbox 1189 1699 1299 1778; x_wconf 81' lang='lat' dir='ltr'><strong>diaetae,</strong></span> 
     </span>
     <span class='ocr_line' id='line_1_14' title="bbox 149 1805 1298 1892; baseline 0.002 -24"><span class='ocrx_word' id='word_1_96' title='bbox 149 1807 229 1887; x_wconf 90' lang='lat' dir='ltr'><strong>quot</strong></span> <span class='ocrx_word' id='word_1_97' title='bbox 252 1805 411 1885; x_wconf 84' lang='lat' dir='ltr'><strong>scandala,</strong></span> <span class='ocrx_word' id='word_1_98' title='bbox 435 1811 562 1890; x_wconf 76' lang='lat' dir='ltr'><strong>quante</strong></span> <span class='ocrx_word' id='word_1_99' title='bbox 585 1829 742 1892; x_wconf 73' lang='lat' dir='ltr'><strong>expensae,</strong></span> <span class='ocrx_word' id='word_1_100' title='bbox 766 1810 893 1892; x_wconf 82' lang='lat' dir='ltr'><strong>quantae</strong></span> <span class='ocrx_word' id='word_1_101' title='bbox 916 1807 1052 1891; x_wconf 91' lang='lat' dir='ltr'><strong>denique</strong></span> <span class='ocrx_word' id='word_1_102' title='bbox 1074 1806 1243 1872; x_wconf 88' lang='lat' dir='ltr'><strong>divisiones</strong></span> <span class='ocrx_word' id='word_1_103' title='bbox 1266 1805 1298 1870; x_wconf 92' lang='lat' dir='ltr'><strong>in</strong></span> 
     </span>
     <span class='ocr_line' id='line_1_15' title="bbox 148 1909 1299 1998; baseline 0.003 -25"><span class='ocrx_word' id='word_1_104' title='bbox 148 1909 219 1993; x_wconf 86' lang='lat' dir='ltr'><strong>ipsa</strong></span> <span class='ocrx_word' id='word_1_105' title='bbox 242 1909 371 1975; x_wconf 89' lang='lat' dir='ltr'><strong>civitate</strong></span> <span class='ocrx_word' id='word_1_106' title='bbox 393 1916 425 1976; x_wconf 91' lang='lat' dir='ltr'><strong>et</strong></span> <span class='ocrx_word' id='word_1_107' title='bbox 449 1911 679 1996; x_wconf 85' lang='lat' dir='ltr'><strong>partialitates,</strong></span> <span class='ocrx_word' id='word_1_108' title='bbox 712 1916 840 1998; x_wconf 81' lang='lat' dir='ltr'><strong>quantae</strong></span> <span class='ocrx_word' id='word_1_109' title='bbox 866 1913 1094 1978; x_wconf 88' lang='lat' dir='ltr'><strong>sententiarum</strong></span> <span class='ocrx_word' id='word_1_110' title='bbox 1118 1912 1200 1976; x_wconf 90' lang='lat' dir='ltr'><strong>sedis</strong></span> <span class='ocrx_word' id='word_1_111' title='bbox 1222 1931 1299 1996; x_wconf 90' lang='lat' dir='ltr'><strong>apo-</strong></span> 
     </span>
     <span class='ocr_line' id='line_1_16' title="bbox 149 2014 1298 2103; baseline 0.003 -25"><span class='ocrx_word' id='word_1_112' title='bbox 149 2014 269 2080; x_wconf 84' lang='lat' dir='ltr'><strong>stolicae</strong></span> <span class='ocrx_word' id='word_1_113' title='bbox 285 2021 317 2080; x_wconf 92' lang='lat' dir='ltr'><strong>et</strong></span> <span class='ocrx_word' id='word_1_114' title='bbox 328 2016 530 2101; x_wconf 87' lang='lat' dir='ltr'><strong>imperatoris</strong></span> <span class='ocrx_word' id='word_1_115' title='bbox 541 2019 746 2098; x_wconf 89' lang='lat' dir='ltr'><strong>mutationes,</strong></span> <span class='ocrx_word' id='word_1_116' title='bbox 762 2018 1050 2103; x_wconf 85' lang='lat' dir='ltr'><strong>interpretationes,</strong></span> <span class='ocrx_word' id='word_1_117' title='bbox 1067 2017 1298 2096; x_wconf 82' lang='lat' dir='ltr'><strong>innovationes,</strong></span> 
     </span>
     <span class='ocr_line' id='line_1_17' title="bbox 150 2121 1299 2209; baseline 0.003 -25"><span class='ocrx_word' id='word_1_118' title='bbox 150 2121 367 2186; x_wconf 84' lang='lat' dir='ltr'><strong>revocationes</strong></span> <span class='ocrx_word' id='word_1_119' title='bbox 390 2125 422 2186; x_wconf 92' lang='lat' dir='ltr'><strong>et</strong></span> <span class='ocrx_word' id='word_1_120' title='bbox 445 2121 673 2202; x_wconf 85' lang='lat' dir='ltr'><strong>restitutiones,</strong></span> <span class='ocrx_word' id='word_1_121' title='bbox 696 2129 729 2189; x_wconf 90' lang='lat' dir='ltr'><strong>et</strong></span> <span class='ocrx_word' id='word_1_122' title='bbox 751 2146 848 2209; x_wconf 88' lang='lat' dir='ltr'><strong>quarn</strong></span> <span class='ocrx_word' id='word_1_123' title='bbox 870 2127 971 2190; x_wconf 81' lang='lat' dir='ltr'><strong>acntae</strong></span> <span class='ocrx_word' id='word_1_124' title='bbox 993 2123 1140 2208; x_wconf 86' lang='lat' dir='ltr'><strong>practicae</strong></span> <span class='ocrx_word' id='word_1_125' title='bbox 1162 2122 1299 2188; x_wconf 84' lang='lat' dir='ltr'><strong>fratrum</strong></span> 
     </span>
     <span class='ocr_line' id='line_1_18' title="bbox 147 2224 1299 2314; baseline 0.002 -24"><span class='ocrx_word' id='word_1_126' title='bbox 147 2224 308 2290; x_wconf 89' lang='lat' dir='ltr'><strong>minorum</strong></span> <span class='ocrx_word' id='word_1_127' title='bbox 340 2248 405 2291; x_wconf 92' lang='lat' dir='ltr'><strong>non</strong></span> <span class='ocrx_word' id='word_1_128' title='bbox 436 2227 735 2308; x_wconf 89' lang='lat' dir='ltr'><strong>observantialium,</strong></span> <span class='ocrx_word' id='word_1_129' title='bbox 768 2233 800 2294; x_wconf 92' lang='lat' dir='ltr'><strong>et</strong></span> <span class='ocrx_word' id='word_1_130' title='bbox 821 2227 995 2314; x_wconf 81' lang='lat' dir='ltr'><strong>ingeniosae</strong></span> <span class='ocrx_word' id='word_1_131' title='bbox 1018 2225 1299 2292; x_wconf 86' lang='lat' dir='ltr'><strong>observantialium</strong></span> 
     </span>
     <span class='ocr_line' id='line_1_19' title="bbox 149 2329 1296 2418; baseline 0.001 -22"><span class='ocrx_word' id='word_1_132' title='bbox 149 2329 366 2408; x_wconf 89' lang='lat' dir='ltr'><strong>obviationes,</strong></span> <span class='ocrx_word' id='word_1_133' title='bbox 398 2335 430 2396; x_wconf 94' lang='lat' dir='ltr'><strong>et</strong></span> <span class='ocrx_word' id='word_1_134' title='bbox 453 2336 533 2416; x_wconf 92' lang='lat' dir='ltr'><strong>quot</strong></span> <span class='ocrx_word' id='word_1_135' title='bbox 560 2355 619 2417; x_wconf 91' lang='lat' dir='ltr'><strong>pro</strong></span> <span class='ocrx_word' id='word_1_136' title='bbox 643 2338 778 2418; x_wconf 89' lang='lat' dir='ltr'><strong>utraque</strong></span> <span class='ocrx_word' id='word_1_137' title='bbox 807 2336 898 2418; x_wconf 89' lang='lat' dir='ltr'><strong>parte</strong></span> <span class='ocrx_word' id='word_1_138' title='bbox 921 2333 1170 2412; x_wconf 86' lang='lat' dir='ltr'><strong>annullationes,</strong></span> <span class='ocrx_word' id='word_1_139' title='bbox 1201 2331 1296 2418; x_wconf 68' lang='lat' dir='ltr'><strong>fuge,</strong></span> 
     </span>
     <span class='ocr_line' id='line_1_20' title="bbox 147 2435 1298 2521; baseline -0.001 -19"><span class='ocrx_word' id='word_1_140' title='bbox 147 2436 372 2502; x_wconf 82' lang='lat' dir='ltr'><strong>conventiones</strong></span> <span class='ocrx_word' id='word_1_141' title='bbox 396 2439 428 2502; x_wconf 90' lang='lat' dir='ltr'><strong>et</strong></span> <span class='ocrx_word' id='word_1_142' title='bbox 450 2457 607 2521; x_wconf 80' lang='lat' dir='ltr'><strong>recessus,</strong></span> <span class='ocrx_word' id='word_1_143' title='bbox 631 2440 710 2521; x_wconf 89' lang='lat' dir='ltr'><strong>quot</strong></span> <span class='ocrx_word' id='word_1_144' title='bbox 732 2437 931 2502; x_wconf 89' lang='lat' dir='ltr'><strong>dominorum</strong></span> <span class='ocrx_word' id='word_1_145' title='bbox 954 2437 1118 2502; x_wconf 91' lang='lat' dir='ltr'><strong>consulum</strong></span> <span class='ocrx_word' id='word_1_146' title='bbox 1140 2437 1179 2502; x_wconf 92' lang='lat' dir='ltr'><strong>de</strong></span> <span class='ocrx_word' id='word_1_147' title='bbox 1201 2435 1298 2502; x_wconf 90' lang='lat' dir='ltr'><strong>Ulma</strong></span> 
     </span>
     <span class='ocr_line' id='line_1_21' title="bbox 146 2541 1298 2628; baseline 0.002 -22"><span class='ocrx_word' id='word_1_148' title='bbox 146 2541 232 2626; x_wconf 86' lang='lat' dir='ltr'><strong>apud</strong></span> <span class='ocrx_word' id='word_1_149' title='bbox 255 2541 360 2606; x_wconf 89' lang='lat' dir='ltr'><strong>sedem</strong></span> <span class='ocrx_word' id='word_1_150' title='bbox 383 2541 588 2626; x_wconf 90' lang='lat' dir='ltr'><strong>apostolicam</strong></span> <span class='ocrx_word' id='word_1_151' title='bbox 617 2545 649 2606; x_wconf 88' lang='lat' dir='ltr'><strong>et</strong></span> <span class='ocrx_word' id='word_1_152' title='bbox 671 2542 868 2627; x_wconf 87' lang='lat' dir='ltr'><strong>imperialem</strong></span> <span class='ocrx_word' id='word_1_153' title='bbox 900 2542 1099 2608; x_wconf 89' lang='lat' dir='ltr'><strong>maiestatem</strong></span> <span class='ocrx_word' id='word_1_154' title='bbox 1122 2542 1298 2628; x_wconf 89' lang='lat' dir='ltr'><strong>proclama·</strong></span> 
     </span>
     <span class='ocr_line' id='line_1_22' title="bbox 146 2645 1297 2744; baseline 0.003 -34"><span class='ocrx_word' id='word_1_155' title='bbox 146 2647 260 2726; x_wconf 90' lang='lat' dir='ltr'><strong>tiones,</strong></span> <span class='ocrx_word' id='word_1_156' title='bbox 276 2645 511 2726; x_wconf 85' lang='lat' dir='ltr'><strong>infamationes,</strong></span> <span class='ocrx_word' id='word_1_157' title='bbox 536 2647 762 2744; x_wconf 79' lang='lat' dir='ltr'><strong>accusationes,</strong></span> <span class='ocrx_word' id='word_1_158' title='bbox 787 2652 819 2713; x_wconf 91' lang='lat' dir='ltr'><strong>et</strong></span> <span class='ocrx_word' id='word_1_159' title='bbox 834 2648 918 2732; x_wconf 85' lang='lat' dir='ltr'><strong>apud</strong></span> <span class='ocrx_word' id='word_1_160' title='bbox 935 2648 1097 2733; x_wconf 87' lang='lat' dir='ltr'><strong>episcopos</strong></span> <span class='ocrx_word' id='word_1_161' title='bbox 1113 2647 1297 2727; x_wconf 85' lang='lat' dir='ltr'><strong>delationes,</strong></span> 
     </span>
     <span class='ocr_line' id='line_1_23' title="bbox 148 2752 1297 2838; baseline 0 -20"><span class='ocrx_word' id='word_1_162' title='bbox 148 2756 181 2818; x_wconf 90' lang='lat' dir='ltr'><strong>et</strong></span> <span class='ocrx_word' id='word_1_163' title='bbox 203 2752 287 2837; x_wconf 92' lang='lat' dir='ltr'><strong>apud</strong></span> <span class='ocrx_word' id='word_1_164' title='bbox 309 2752 467 2838; x_wconf 88' lang='lat' dir='ltr'><strong>principes</strong></span> <span class='ocrx_word' id='word_1_165' title='bbox 482 2753 725 2837; x_wconf 85' lang='lat' dir='ltr'><strong>inculpationes,</strong></span> <span class='ocrx_word' id='word_1_166' title='bbox 748 2758 780 2818; x_wconf 91' lang='lat' dir='ltr'><strong>et</strong></span> <span class='ocrx_word' id='word_1_167' title='bbox 801 2757 928 2838; x_wconf 74' lang='lat' dir='ltr'><strong>quanta</strong></span> <span class='ocrx_word' id='word_1_168' title='bbox 951 2756 1063 2818; x_wconf 90' lang='lat' dir='ltr'><strong>contra</strong></span> <span class='ocrx_word' id='word_1_169' title='bbox 1077 2752 1244 2819; x_wconf 88' lang='lat' dir='ltr'><strong>Ulmenses</strong></span> <span class='ocrx_word' id='word_1_170' title='bbox 1260 2775 1297 2818; x_wconf 88' lang='lat' dir='ltr'><strong>ex</strong></span> 
     </span>
     <span class='ocr_line' id='line_1_24' title="bbox 148 2855 1298 2943; baseline -0.002 -21"><span class='ocrx_word' id='word_1_171' title='bbox 148 2856 201 2922; x_wconf 89' lang='lat' dir='ltr'><strong>his</strong></span> <span class='ocrx_word' id='word_1_172' title='bbox 224 2861 302 2922; x_wconf 84' lang='lat' dir='ltr'><strong>ortae</strong></span> <span class='ocrx_word' id='word_1_173' title='bbox 325 2857 390 2922; x_wconf 89' lang='lat' dir='ltr'><strong>siut</strong></span> <span class='ocrx_word' id='word_1_174' title='bbox 411 2857 600 2943; x_wconf 86' lang='lat' dir='ltr'><strong>principum,</strong></span> <span class='ocrx_word' id='word_1_175' title='bbox 624 2857 860 2942; x_wconf 85' lang='lat' dir='ltr'><strong>episcoporum,</strong></span> <span class='ocrx_word' id='word_1_176' title='bbox 890 2855 1047 2922; x_wconf 87' lang='lat' dir='ltr'><strong>nobilium</strong></span> <span class='ocrx_word' id='word_1_177' title='bbox 1069 2861 1101 2922; x_wconf 88' lang='lat' dir='ltr'><strong>et</strong></span> <span class='ocrx_word' id='word_1_178' title='bbox 1123 2857 1298 2922; x_wconf 89' lang='lat' dir='ltr'><strong>communi-</strong></span> 
     </span>
     <span class='ocr_line' id='line_1_25' title="bbox 144 2959 1297 3048; baseline -0.002 -20"><span class='ocrx_word' id='word_1_179' title='bbox 144 2967 250 3028; x_wconf 89' lang='lat' dir='ltr'><strong>tatum</strong></span> <span class='ocrx_word' id='word_1_180' title='bbox 270 2961 829 3048; x_wconf 87' lang='lat' dir='ltr'><strong>indignationes,detractiones,irae,</strong></span> <span class='ocrx_word' id='word_1_181' title='bbox 846 2962 949 3042; x_wconf 73' lang='lat' dir='ltr'><strong>minae,</strong></span> <span class='ocrx_word' id='word_1_182' title='bbox 968 2984 1033 3028; x_wconf 90' lang='lat' dir='ltr'><strong>non</strong></span> <span class='ocrx_word' id='word_1_183' title='bbox 1044 2959 1139 3027; x_wconf 79' lang='lat' dir='ltr'><strong>facile</strong></span> <span class='ocrx_word' id='word_1_184' title='bbox 1154 2961 1297 3026; x_wconf 82' lang='lat' dir='ltr'><strong>dixerim.</strong></span> 
     </span>
    </p>
   </div>
   <div class='ocr_carea' id='block_1_3' title="bbox 30 3061 1297 3153">
    <p class='ocr_par' dir='ltr' id='par_1_3' title="bbox 30 3061 1297 3153">
     <span class='ocr_line' id='line_1_26' title="bbox 30 3061 1297 3153; baseline -0.002 -21"><span class='ocrx_word' id='word_1_185' title='bbox 30 3061 35 3072; x_wconf 77' lang='grc'><strong>’</strong></span> <span class='ocrx_word' id='word_1_186' title='bbox 146 3065 206 3132; x_wconf 85' lang='lat' dir='ltr'><strong>Sed</strong></span> <span class='ocrx_word' id='word_1_187' title='bbox 233 3068 267 3131; x_wconf 92' lang='lat' dir='ltr'><strong>in</strong></span> <span class='ocrx_word' id='word_1_188' title='bbox 290 3068 438 3133; x_wconf 89' lang='lat' dir='ltr'><strong>omnibus</strong></span> <span class='ocrx_word' id='word_1_189' title='bbox 460 3068 511 3134; x_wconf 89' lang='lat' dir='ltr'><strong>his</strong></span> <span class='ocrx_word' id='word_1_190' title='bbox 542 3071 662 3153; x_wconf 89' lang='lat' dir='ltr'><strong>quanta</strong></span> <span class='ocrx_word' id='word_1_191' title='bbox 684 3067 783 3133; x_wconf 90' lang='lat' dir='ltr'><strong>fuerit</strong></span> <span class='ocrx_word' id='word_1_192' title='bbox 812 3068 1011 3132; x_wconf 88' lang='lat' dir='ltr'><strong>dominorum</strong></span> <span class='ocrx_word' id='word_1_193' title='bbox 1039 3067 1077 3132; x_wconf 93' lang='lat' dir='ltr'><strong>de</strong></span> <span class='ocrx_word' id='word_1_194' title='bbox 1100 3065 1196 3132; x_wconf 89' lang='lat' dir='ltr'><strong>Ulma</strong></span> <span class='ocrx_word' id='word_1_195' title='bbox 1222 3088 1297 3131; x_wconf 91' lang='lat' dir='ltr'><strong>con-</strong></span> 
     </span>
    </p>
   </div>
   <div class='ocr_carea' id='block_1_4' title="bbox 143 3170 1299 3574">
    <p class='ocr_par' dir='ltr' id='par_1_4' title="bbox 143 3170 1299 3574">
     <span class='ocr_line' id='line_1_27' title="bbox 143 3170 1298 3258; baseline -0.002 -20"><span class='ocrx_word' id='word_1_196' title='bbox 143 3173 274 3251; x_wconf 89' lang='lat' dir='ltr'><strong>stantia,</strong></span> <span class='ocrx_word' id='word_1_197' title='bbox 292 3172 458 3253; x_wconf 88' lang='lat' dir='ltr'><strong>fortitudo,</strong></span> <span class='ocrx_word' id='word_1_198' title='bbox 476 3173 660 3252; x_wconf 88' lang='lat' dir='ltr'><strong>strenuitas,</strong></span> <span class='ocrx_word' id='word_1_199' title='bbox 676 3173 842 3258; x_wconf 89' lang='lat' dir='ltr'><strong>patientia,</strong></span> <span class='ocrx_word' id='word_1_200' title='bbox 859 3172 1028 3257; x_wconf 88' lang='lat' dir='ltr'><strong>prudentia</strong></span> <span class='ocrx_word' id='word_1_201' title='bbox 1043 3175 1075 3236; x_wconf 88' lang='lat' dir='ltr'><strong>et</strong></span> <span class='ocrx_word' id='word_1_202' title='bbox 1085 3170 1298 3258; x_wconf 78' lang='lat' dir='ltr'><strong>infatigabilis</strong></span> 
     </span>
     <span class='ocr_line' id='line_1_28' title="bbox 146 3277 1296 3364; baseline -0.002 -22"><span class='ocrx_word' id='word_1_203' title='bbox 146 3277 392 3363; x_wconf 89' lang='lat' dir='ltr'><strong>perseverantia,</strong></span> <span class='ocrx_word' id='word_1_204' title='bbox 416 3279 461 3344; x_wconf 89' lang='lat' dir='ltr'><strong>rei</strong></span> <span class='ocrx_word' id='word_1_205' title='bbox 485 3283 615 3344; x_wconf 89' lang='lat' dir='ltr'><strong>eventus</strong></span> <span class='ocrx_word' id='word_1_206' title='bbox 645 3279 774 3344; x_wconf 88' lang='lat' dir='ltr'><strong>indicat.</strong></span> <span class='ocrx_word' id='word_1_207' title='bbox 820 3278 904 3344; x_wconf 87' lang='lat' dir='ltr'><strong>Nam</strong></span> <span class='ocrx_word' id='word_1_208' title='bbox 936 3277 963 3343; x_wconf 90' lang='lat' dir='ltr'><strong>si</strong></span> <span class='ocrx_word' id='word_1_209' title='bbox 986 3280 1058 3364; x_wconf 90' lang='lat' dir='ltr'><strong>quis</strong></span> <span class='ocrx_word' id='word_1_210' title='bbox 1080 3277 1157 3342; x_wconf 87' lang='lat' dir='ltr'><strong>velit</strong></span> <span class='ocrx_word' id='word_1_211' title='bbox 1181 3277 1296 3354; x_wconf 93' lang='lat' dir='ltr'><strong>omnia,</strong></span> 
     </span>
     <span class='ocr_line' id='line_1_29' title="bbox 143 3382 1297 3470; baseline -0.003 -22"><span class='ocrx_word' id='word_1_212' title='bbox 143 3405 215 3470; x_wconf 78' lang='lat' dir='ltr'><strong>quac</strong></span> <span class='ocrx_word' id='word_1_213' title='bbox 239 3383 272 3446; x_wconf 90' lang='lat' dir='ltr'><strong>in</strong></span> <span class='ocrx_word' id='word_1_214' title='bbox 295 3383 356 3448; x_wconf 91' lang='lat' dir='ltr'><strong>hoc</strong></span> <span class='ocrx_word' id='word_1_215' title='bbox 378 3383 462 3449; x_wconf 84' lang='lat' dir='ltr'><strong>iacto</strong></span> <span class='ocrx_word' id='word_1_216' title='bbox 478 3385 692 3470; x_wconf 88' lang='lat' dir='ltr'><strong>contigerunt,</strong></span> <span class='ocrx_word' id='word_1_217' title='bbox 724 3406 782 3468; x_wconf 92' lang='lat' dir='ltr'><strong>pro</strong></span> <span class='ocrx_word' id='word_1_218' title='bbox 805 3388 840 3449; x_wconf 91' lang='lat' dir='ltr'><strong>et</strong></span> <span class='ocrx_word' id='word_1_219' title='bbox 866 3388 977 3449; x_wconf 90' lang='lat' dir='ltr'><strong>contra</strong></span> <span class='ocrx_word' id='word_1_220' title='bbox 998 3383 1116 3467; x_wconf 90' lang='lat' dir='ltr'><strong>scripto</strong></span> <span class='ocrx_word' id='word_1_221' title='bbox 1139 3382 1297 3460; x_wconf 88' lang='lat' dir='ltr'><strong>mandare,</strong></span> 
     </span>
     <span class='ocr_line' id='line_1_30' title="bbox 145 3487 1299 3574; baseline 0 -22"><span class='ocrx_word' id='word_1_222' title='bbox 145 3509 271 3553; x_wconf 88' lang='lat' dir='ltr'><strong>necesse</strong></span> <span class='ocrx_word' id='word_1_223' title='bbox 285 3487 419 3554; x_wconf 89' lang='lat' dir='ltr'><strong>haberet</strong></span> <span class='ocrx_word' id='word_1_224' title='bbox 434 3489 540 3573; x_wconf 90' lang='lat' dir='ltr'><strong>plures</strong></span> <span class='ocrx_word' id='word_1_225' title='bbox 556 3489 690 3573; x_wconf 90' lang='lat' dir='ltr'><strong>implere</strong></span> <span class='ocrx_word' id='word_1_226' title='bbox 705 3493 886 3574; x_wconf 89' lang='lat' dir='ltr'><strong>quaternos.</strong></span> <span class='ocrx_word' id='word_1_227' title='bbox 924 3487 1030 3574; x_wconf 89' lang='lat' dir='ltr'><strong>Igitur</strong></span> <span class='ocrx_word' id='word_1_228' title='bbox 1049 3509 1118 3552; x_wconf 90' lang='lat' dir='ltr'><strong>cnm</strong></span> <span class='ocrx_word' id='word_1_229' title='bbox 1137 3487 1299 3553; x_wconf 87' lang='lat' dir='ltr'><strong>abbatissa</strong></span> 
     </span>
    </p>
   </div>
   <div class='ocr_carea' id='block_1_5' title="bbox 142 3590 1299 4210">
    <p class='ocr_par' dir='ltr' id='par_1_5' title="bbox 142 3590 1299 4210">
     <span class='ocr_line' id='line_1_31' title="bbox 143 3590 1299 3680; baseline -0.002 -20"><span class='ocrx_word' id='word_1_230' title='bbox 143 3593 280 3678; x_wconf 85' lang='lat' dir='ltr'><strong>antiqua</strong></span> <span class='ocrx_word' id='word_1_231' title='bbox 304 3594 345 3660; x_wconf 84' lang='lat' dir='ltr'><strong>ab</strong></span> <span class='ocrx_word' id='word_1_232' title='bbox 368 3593 475 3660; x_wconf 89' lang='lat' dir='ltr'><strong>officio</strong></span> <span class='ocrx_word' id='word_1_233' title='bbox 498 3601 580 3662; x_wconf 87' lang='lat' dir='ltr'><strong>esset</strong></span> <span class='ocrx_word' id='word_1_234' title='bbox 602 3595 764 3680; x_wconf 88' lang='lat' dir='ltr'><strong>deposita,</strong></span> <span class='ocrx_word' id='word_1_235' title='bbox 799 3597 831 3659; x_wconf 91' lang='lat' dir='ltr'><strong>et</strong></span> <span class='ocrx_word' id='word_1_236' title='bbox 854 3593 924 3658; x_wconf 83' lang='lat' dir='ltr'><strong>aliae</strong></span> <span class='ocrx_word' id='word_1_237' title='bbox 947 3590 1098 3659; x_wconf 88' lang='lat' dir='ltr'><strong>officiales</strong></span> <span class='ocrx_word' id='word_1_238' title='bbox 1121 3614 1193 3657; x_wconf 91' lang='lat' dir='ltr'><strong>cum</strong></span> <span class='ocrx_word' id='word_1_239' title='bbox 1216 3614 1299 3658; x_wconf 87' lang='lat' dir='ltr'><strong>nova</strong></span> 
     </span>
     <span class='ocr_line' id='line_1_32' title="bbox 145 3697 1298 3780; baseline -0.002 -16"><span class='ocrx_word' id='word_1_240' title='bbox 145 3697 310 3764; x_wconf 89' lang='lat' dir='ltr'><strong>abbatissa</strong></span> <span class='ocrx_word' id='word_1_241' title='bbox 338 3699 514 3780; x_wconf 73' lang='lat' dir='ltr'><strong>institutae,</strong></span> <span class='ocrx_word' id='word_1_242' title='bbox 545 3701 654 3766; x_wconf 89' lang='lat' dir='ltr'><strong>eadem</strong></span> <span class='ocrx_word' id='word_1_243' title='bbox 684 3700 764 3766; x_wconf 89' lang='lat' dir='ltr'><strong>hora</strong></span> <span class='ocrx_word' id='word_1_244' title='bbox 787 3698 948 3764; x_wconf 88' lang='lat' dir='ltr'><strong>abbatissa</strong></span> <span class='ocrx_word' id='word_1_245' title='bbox 977 3698 1141 3778; x_wconf 89' lang='lat' dir='ltr'><strong>absoluta,</strong></span> <span class='ocrx_word' id='word_1_246' title='bbox 1172 3721 1205 3763; x_wconf 87' lang='lat' dir='ltr'><strong>se</strong></span> <span class='ocrx_word' id='word_1_247' title='bbox 1234 3720 1298 3764; x_wconf 92' lang='lat' dir='ltr'><strong>non</strong></span> 
     </span>
     <span class='ocr_line' id='line_1_33' title="bbox 143 3804 1298 3891; baseline -0.002 -19"><span class='ocrx_word' id='word_1_248' title='bbox 143 3805 326 3872; x_wconf 88' lang='lat' dir='ltr'><strong>absolutam</strong></span> <span class='ocrx_word' id='word_1_249' title='bbox 343 3827 400 3872; x_wconf 91' lang='lat' dir='ltr'><strong>nec</strong></span> <span class='ocrx_word' id='word_1_250' title='bbox 416 3806 538 3872; x_wconf 86' lang='lat' dir='ltr'><strong>absolvi</strong></span> <span class='ocrx_word' id='word_1_251' title='bbox 554 3829 645 3891; x_wconf 85' lang='lat' dir='ltr'><strong>possa</strong></span> <span class='ocrx_word' id='word_1_252' title='bbox 661 3829 732 3872; x_wconf 91' lang='lat' dir='ltr'><strong>cum</strong></span> <span class='ocrx_word' id='word_1_253' title='bbox 749 3805 814 3872; x_wconf 88' lang='lat' dir='ltr'><strong>suis</strong></span> <span class='ocrx_word' id='word_1_254' title='bbox 826 3804 1013 3884; x_wconf 88' lang='lat' dir='ltr'><strong>vociferans,</strong></span> <span class='ocrx_word' id='word_1_255' title='bbox 1037 3827 1093 3889; x_wconf 93' lang='lat' dir='ltr'><strong>per</strong></span> <span class='ocrx_word' id='word_1_256' title='bbox 1108 3809 1298 3870; x_wconf 88' lang='lat' dir='ltr'><strong>conventum</strong></span> 
     </span>
     <span class='ocr_line' id='line_1_34' title="bbox 146 3909 1297 3999; baseline -0.002 -21"><span class='ocrx_word' id='word_1_257' title='bbox 146 3911 377 3992; x_wconf 86' lang='lat' dir='ltr'><strong>discurrerunt,</strong></span> <span class='ocrx_word' id='word_1_258' title='bbox 400 3917 549 3996; x_wconf 88' lang='lat' dir='ltr'><strong>parantes</strong></span> <span class='ocrx_word' id='word_1_259' title='bbox 572 3937 605 3980; x_wconf 90' lang='lat' dir='ltr'><strong>se</strong></span> <span class='ocrx_word' id='word_1_260' title='bbox 628 3915 667 3980; x_wconf 88' lang='lat' dir='ltr'><strong>ad</strong></span> <span class='ocrx_word' id='word_1_261' title='bbox 684 3934 846 3999; x_wconf 86' lang='lat' dir='ltr'><strong>egressum</strong></span> <span class='ocrx_word' id='word_1_262' title='bbox 869 3911 907 3976; x_wconf 90' lang='lat' dir='ltr'><strong>de</strong></span> <span class='ocrx_word' id='word_1_263' title='bbox 930 3911 1131 3976; x_wconf 83' lang='lat' dir='ltr'><strong>monasterio</strong></span> <span class='ocrx_word' id='word_1_264' title='bbox 1157 3909 1297 3976; x_wconf 88' lang='lat' dir='ltr'><strong>collectis</strong></span> 
     </span>
     <span class='ocr_line' id='line_1_35' title="bbox 142 4014 1299 4104; baseline -0.003 -20"><span class='ocrx_word' id='word_1_265' title='bbox 142 4021 251 4084; x_wconf 87' lang='lat' dir='ltr'><strong>antem</strong></span> <span class='ocrx_word' id='word_1_266' title='bbox 275 4039 339 4082; x_wconf 82' lang='lat' dir='ltr'><strong>euae</strong></span> <span class='ocrx_word' id='word_1_267' title='bbox 362 4018 567 4104; x_wconf 85' lang='lat' dir='ltr'><strong>proprietatis</strong></span> <span class='ocrx_word' id='word_1_268' title='bbox 591 4017 812 4096; x_wconf 87' lang='lat' dir='ltr'><strong>reservaculis,</strong></span> <span class='ocrx_word' id='word_1_269' title='bbox 839 4016 927 4082; x_wconf 88' lang='lat' dir='ltr'><strong>cistis</strong></span> <span class='ocrx_word' id='word_1_270' title='bbox 950 4019 982 4082; x_wconf 89' lang='lat' dir='ltr'><strong>et</strong></span> <span class='ocrx_word' id='word_1_271' title='bbox 1004 4015 1106 4100; x_wconf 87' lang='lat' dir='ltr'><strong>capsis</strong></span> <span class='ocrx_word' id='word_1_272' title='bbox 1128 4014 1244 4082; x_wconf 87' lang='lat' dir='ltr'><strong>clausis</strong></span> <span class='ocrx_word' id='word_1_273' title='bbox 1267 4019 1299 4081; x_wconf 90' lang='lat' dir='ltr'><strong>et</strong></span> 
     </span>
     <span class='ocr_line' id='line_1_36' title="bbox 145 4119 1298 4210; baseline 0 -25"><span class='ocrx_word' id='word_1_274' title='bbox 145 4121 306 4207; x_wconf 88' lang='lat' dir='ltr'><strong>colligatis</strong></span> <span class='ocrx_word' id='word_1_275' title='bbox 323 4123 537 4209; x_wconf 88' lang='lat' dir='ltr'><strong>sequebantur</strong></span> <span class='ocrx_word' id='word_1_276' title='bbox 552 4147 642 4210; x_wconf 85' lang='lat' dir='ltr'><strong>paene</strong></span> <span class='ocrx_word' id='word_1_277' title='bbox 657 4147 764 4190; x_wconf 88' lang='lat' dir='ltr'><strong>omnes</strong></span> <span class='ocrx_word' id='word_1_278' title='bbox 788 4123 950 4189; x_wconf 88' lang='lat' dir='ltr'><strong>dominam</strong></span> <span class='ocrx_word' id='word_1_279' title='bbox 966 4120 1160 4187; x_wconf 73' lang='lat' dir='ltr'><strong>christinam</strong></span> <span class='ocrx_word' id='word_1_280' title='bbox 1177 4119 1298 4188; x_wconf 81' lang='lat' dir='ltr'><strong>Strdlin</strong></span> 
     </span>
    </p>
   </div>
   <div class='ocr_carea' id='block_1_6' title="bbox 710 4263 727 4302">
    <p class='ocr_par' dir='ltr' id='par_1_6' title="bbox 710 4263 727 4302">
     <span class='ocr_line' id='line_1_37' title="bbox 710 4263 727 4302; baseline 0 0"><span class='ocrx_word' id='word_1_281' title='bbox 710 4263 727 4302; x_wconf 82' lang='grc'>*</span> 
     </span>
    </p>
   </div>
   <div class='ocr_carea' id='block_1_7' title="bbox 140 4364 1293 4509">
    <p class='ocr_par' dir='ltr' id='par_1_7' title="bbox 140 4364 1293 4509">
     <span class='ocr_line' id='line_1_38' title="bbox 140 4364 1293 4508; baseline 0 -88"><span class='ocrx_word' id='word_1_282' title='bbox 140 4451 164 4508; x_wconf 75' lang='lat' dir='ltr'>K</span> <span class='ocrx_word' id='word_1_283' title='bbox 213 4365 397 4506; x_wconf 74' lang='lat' dir='ltr'><strong>lppprobria</strong></span> <span class='ocrx_word' id='word_1_284' title='bbox 415 4365 501 4422; x_wconf 86' lang='lat' dir='ltr'><strong>Wibl.</strong></span> <span class='ocrx_word' id='word_1_285' title='bbox 551 4367 707 4439; x_wconf 89' lang='lat' dir='ltr'><strong>improbria</strong></span> <span class='ocrx_word' id='word_1_286' title='bbox 728 4367 850 4424; x_wconf 85' lang='lat' dir='ltr'><strong>Schmid.</strong></span> <span class='ocrx_word' id='word_1_287' title='bbox 904 4367 1076 4440; x_wconf 84' lang='lat' dir='ltr'><strong>improperia</strong></span> <span class='ocrx_word' id='word_1_288' title='bbox 1095 4365 1168 4423; x_wconf 85' lang='lat' dir='ltr'><strong>Mon.</strong></span> <span class='ocrx_word' id='word_1_289' title='bbox 1191 4367 1212 4422; x_wconf 92' lang='grc'><strong>1.</strong></span> <span class='ocrx_word' id='word_1_290' title='bbox 1231 4364 1293 4422; x_wconf 83' lang='lat' dir='ltr'><strong>Sch.</strong></span> 
     </span>
     <span class='ocr_line' id='line_1_39' title="bbox 166 4453 345 4509; baseline 0 -1"><span class='ocrx_word' id='word_1_291' title='bbox 166 4453 185 4509; x_wconf 90' lang='lat' dir='ltr'><strong>l.</strong></span> <span class='ocrx_word' id='word_1_292' title='bbox 203 4453 246 4509; x_wconf 61' lang='grc' dir='ltr'><strong>(ἕο</strong></span> <span class='ocrx_word' id='word_1_293' title='bbox 279 4455 345 4508; x_wconf 87' lang='lat' dir='ltr'><strong>.ut.</strong></span> 
     </span>
    </p>
   </div>
   <div class='ocr_carea' id='block_1_8' title="bbox 0 0 1534 4936">
    <p class='ocr_par' dir='ltr' id='par_1_8' title="bbox 0 0 1534 4936">
     <span class='ocr_line' id='line_1_40' title="bbox 0 0 1534 4936; baseline 0 2"><span class='ocrx_word' id='word_1_294' title='bbox 0 0 1534 4936; x_wconf 95' lang='lat' dir='ltr'><strong> </strong></span> 
     </span>
    </p>
   </div>
  </div>
 </body>
</html>
