3060 4936
769 361 831 426 176

223 536 308 620 quod
337 558 420 621 papa
448 541 615 623 gratanter
637 536 792 622 accipiens
814 536 984 602 couventui
1014 537 1049 601 in
1079 536 1168 602 illius
1189 537 1372 602 donationis

223 645 407 724 perpetuam
429 642 613 728 memoriam
635 641 806 728 imposuit,
840 647 878 708 ut
899 642 1035 728 singulis
1058 642 1152 708 anuis
1174 643 1214 708 ad
1239 641 1377 708 Romam

223 746 353 811 mittent
376 769 474 812 unum
496 747 675 812 bisuncium
697 769 828 812 aureum
857 748 1006 813 ducatum
1031 749 1070 813 sd
1093 771 1184 833 papae
1206 771 1375 814 cameram.

222 850 308 916 Dieti
331 857 437 918 autem
460 853 590 918 comites
615 850 693 918 Otto
715 858 748 918 et
770 852 990 918 Hartmauuus
1012 855 1099 918 omni
1122 854 1229 920 studio
1251 876 1376 938 prmca·

223 955 357 1036 vehant,
386 960 422 1023 ut
443 979 501 1022 nec
523 958 640 1042 posteri
664 980 774 1023 eorum
797 959 993 1024 occasionem
1015 960 1197 1025 invenirent
1219 959 1378 1045 gravandi

140 1059 155 1092 ⁰
194 1061 327 1140 „locum
351 1065 384 1126 et
398 1061 448 1126 ius
471 1062 505 1126 in
526 1083 564 1128 eo
578 1063 749 1147 quaerendi.
773 1063 856 1128 unde
871 1063 1059 1148 simpliciter
1079 1087 1138 1130 sua
1159 1065 1290 1130 uomina
1305 1063 1376 1128 sine

222 1170 410 1253 cognomine
432 1168 563 1233 dominii
594 1171 627 1234 et
649 1169 846 1253 genealogiae
868 1169 988 1254 scripta
1017 1169 1216 1254 reliquerunt
1246 1190 1305 1234 uec
1326 1190 1377 1234 se-

223 1273 356 1359 pulchra
378 1295 436 1338 sua
457 1295 619 1338 armorum
643 1279 799 1358 apparatu
822 1275 1048 1359 signaverunt,
1080 1296 1139 1340 nec
1160 1274 1298 1358 parietes
1320 1279 1378 1338 aut
1422 1314 1427 1324 ·

223 1379 342 1461 lapides
370 1377 555 1444 monasterii
577 1377 754 1444 simulacris
776 1401 906 1444 suarum
926 1379 1103 1466 imaginum
1129 1383 1377 1462 occupaverunt,

223 1484 306 1548 sicut
338 1483 481 1548 moderni
521 1483 653 1548 faciunt.
708 1484 753 1548 nt
784 1484 832 1548 ita
864 1483 1030 1548 humiliter
1068 1505 1142 1548 suus
1176 1483 1378 1568 reliquerunt

224 1588 402 1667 memorias,
419 1593 455 1652 ut
470 1589 554 1672 apud
571 1588 678 1672 plnres
694 1588 728 1652 in
744 1589 877 1653 dubium
892 1591 1036 1654 vertatur
1052 1611 1093 1653 an
1107 1587 1231 1654 fuerint
1244 1591 1379 1655 comites

226 1694 264 1758 dc
286 1691 467 1780 Kirchberg
488 1692 539 1758 vel
561 1714 635 1757 uon.
683 1693 753 1778 l'lgo
776 1698 883 1759 tamen
906 1695 1026 1778 absque
1059 1693 1259 1759 haesitatione
1282 1695 1379 1760 credo

208 1821 278 1864 -eos
300 1797 398 1863 fuisse
419 1797 589 1882 prudentes
612 1803 645 1864 et
667 1798 808 1864 illustres
831 1804 863 1863 et
886 1799 989 1864 Deum
1011 1799 1160 1865 timentes
1183 1799 1315 1865 comites
1338 1802 1379 1866 de

227 1902 424 1989 Kirohberg,
456 1903 512 1986 qui
535 1924 647 1986 pamm
679 1909 870 1969 curaverunt
898 1905 1028 1970 nomina
1057 1927 1115 1970 sua
1136 1905 1171 1969 in
1193 1905 1288 1969 terris
1309 1905 1379 1970 suis

227 2007 342 2072 vocari.
388 2008 490 2072 Annis
520 2015 626 2074 autem
657 2010 827 2094 praeteritis
861 2011 1008 2090 fuerunt,
1041 2017 1076 2077 ut
1099 2011 1224 2090 audivi,
1257 2011 1377 2076 litter-re

225 2117 358 2197 repertm
387 2112 421 2176 in
452 2111 668 2192 ottenburen,
703 2115 735 2177 in
771 2114 887 2199 quibus
917 2115 1047 2181 stabant
1078 2117 1209 2182 nomina
1238 2117 1379 2182 duorum

225 2217 377 2284 comitum
399 2217 437 2284 de
461 2217 650 2305 Kirohberg‚
674 2217 802 2284 Ottonis
826 2225 859 2285 et
883 2219 1085 2286 Hartmanni.

312 2322 438 2388 Primus
468 2321 566 2389 abbas
590 2325 684 2390 huius
705 2325 891 2390 monasterii
920 2325 971 2390 vir
993 2329 1122 2392 sauctus
1151 2330 1184 2391 et
1205 2325 1380 2392 admodum

225 2429 393 2515 religiosus
408 2429 480 2508 luit,
497 2430 643 2496 dominus
660 2427 858 2495 Wernherus
874 2431 912 2496 de
928 2429 1110 2510 Ellerbeoh‚
1127 2430 1245 2496 nobilis
1261 2453 1381 2516 genere

225 2538 258 2600 et
273 2534 374 2599 multo
390 2534 529 2600 nobilior
545 2535 709 2621 religione.
732 2535 785 2600 hic
802 2535 911 2615 abbas,
927 2535 1004 2621 quia
1019 2537 1238 2602 devotissimos
1253 2537 1380 2602 nutris·

224 2638 282 2706 bet
303 2639 492 2719 monachos,
525 2646 657 2726 rogatus
688 2641 752 2706 fuit
774 2663 794 2705 a
816 2641 926 2706 multis
959 2641 1017 2706 dec
1040 2642 1162 2707 deuotis
1184 2641 1379 2726 virginibus,

225 2750 315 2810 utet
341 2751 529 2812 conventum
553 2747 602 2811 vel
625 2745 800 2811 claustrum
822 2768 879 2830 pro
902 2747 947 2811 eis
969 2746 1060 2811 iuxta
1082 2769 1176 2812 suum
1199 2746 1374 2814 aedificaret

226 2851 462 2916 monasterium
493 2850 663 2916 inclinatur
687 2855 794 2918 autem
816 2853 962 2936 precibus
985 2875 1105 2933 earum,
1129 2854 1168 2918 sd
1191 2853 1278 2918 letus
1300 2873 1378 2918 eou-

227 2961 339 3022 ventus
362 2957 567 3022 reclusorium
590 2959 680 3038 fecit,
704 2959 737 3022 in
761 2980 824 3042 quo
847 2958 949 3022 multo
972 2961 1114 3042 tempore
1137 2957 1299 3043 virgiuum
1323 2960 1380 3023 de·

227 3067 373 3128 veterum
388 3061 451 3126 fuit
466 3064 673 3148 congregatio
695 3063 786 3128 iuxta
801 3063 956 3148 capellam
978 3063 1080 3129 beatoe
1096 3062 1207 3128 Mariae
1230 3063 1378 3148 virginis,

227 3187 297 3250 quae
311 3165 406 3230 hodie
420 3170 486 3231 stet
507 3167 541 3231 in
557 3167 740 3247 eremitorio,
763 3168 798 3232 iu
814 3190 877 3252 quo
893 3167 1058 3252 sepultura
1073 3169 1138 3233 fuit
1152 3167 1378 3252 praedictarum

227 3293 387 3351 sororum,
418 3270 503 3336 inter
525 3295 604 3357 quas
625 3273 735 3337 multae
762 3276 880 3337 sauctae
903 3273 1075 3338 creduntur
1097 3272 1205 3338 fuisse.
1237 3295 1313 3337 nam
1338 3275 1378 3338 ub

186 3381 194 3396 '
226 3376 359 3461 antiquo
391 3397 490 3461 usque
513 3377 552 3442 ad
574 3377 727 3442 moderna
759 3382 904 3462 tempora
925 3375 1020 3440 multi
1048 3377 1193 3442 homines
1216 3377 1255 3442 de
1279 3375 1379 3442 Ulma

227 3485 258 3546 et
281 3481 352 3545 aliis
374 3481 571 3546 districtibus
594 3481 749 3564 capellam
772 3481 859 3546 illam
884 3480 1018 3546 visitant
1040 3483 1081 3546 ob
1106 3481 1259 3546 bonorem
1275 3481 1376 3547 trium

130 3586 405 3678 F<jj³¹m=⁷¹virginum‚
439 3609 517 3671 quus
545 3589 713 3653 nominant
744 3593 808 3652 tres
832 3588 972 3673 virgines
1004 3592 1130 3652 sanctas
1162 3587 1303 3652 occultes
1326 3587 1376 3652 uel

227 3690 438 3758 absconditas.
484 3693 605 3758 Mansit
637 3699 743 3758 antem
765 3693 833 3758 haeo
862 3713 1008 3758 sororum
1030 3692 1236 3778 congregatio
1260 3694 1294 3757 iu
1320 3692 1377 3756 Dei

227 3795 335 3860 scdulo
357 3795 487 3861 servitio
520 3819 619 3882 usque
641 3797 679 3861 ed
704 3797 840 3861 fratrum
864 3796 1093 3875 defectionem,
1127 3796 1243 3881 quibus
1266 3796 1300 3860 in
1323 3799 1376 3862 de·

226 3899 354 3994 votione
377 3901 609 3985 tepescentibus
632 3902 787 3968 dissoluta
810 3901 873 3966 fuit
894 3901 1102 3987 congregatio
1124 3923 1277 3966 sororum.
1302 3925 1376 3968 nem

226 4005 343 4072 fratres
375 4006 570 4091 incipiebant
600 4007 718 4091 passim
741 4005 944 4090 frequentare
976 4009 1008 4070 et
1031 4005 1236 4071 societatibus
1259 4029 1294 4072 se
1316 4009 1376 4072 im·

227 4111 366 4192 miscere,
384 4112 561 4195 preerertim
572 4133 642 4176 cum
653 4110 702 4175 sui
712 4110 831 4175 ordinis
839 4109 994 4176 fratribus
1006 4114 1180 4176 conventus
1191 4109 1373 4197 buglensis,

228 4217 283 4300 qui
299 4215 419 4281 deliciis
434 4213 539 4280 Ulmus
563 4216 728 4293 vacabant,
753 4237 868 4299 eosque
883 4215 922 4280 de
936 4203 1126 4300 Wiblingen
1148 4219 1180 4280 et
1195 4214 1374 4301 Elcbingen

227 4319 418 4400 invitabant,
442 4324 478 4384 ut
494 4325 598 4384 essent
619 4320 779 4384 adiutores
794 4341 903 4384 eorum
925 4321 957 4383 in
975 4319 1203 4404 dilapidatione
1220 4320 1373 4384 bonorum

227 4423 324 4490 Ouiae
339 4447 473 4512 magnae,
490 4445 560 4509 quae
572 4423 676 4491 Ulmee
690 4423 862 4490 habebant.
887 4429 919 4489 et
933 4425 967 4489 in
979 4427 1105 4490 tentam
1115 4425 1370 4492 inverecundiam
