3034 4922
675 377 739 456 239

293 562 402 627 Annos
424 561 470 627 ibi
492 583 550 646 per
572 563 688 648 viginti
710 565 789 628 duos
810 564 1005 644 morabatur,

293 665 447 750 Dulcique
469 667 628 731 consortio
650 689 723 732 cnm
745 664 822 732 Jesu
844 667 1019 736 fruebatur.

292 769 408 835 Tribus
431 770 522 834 annis
545 769 737 854 sequebatur
758 769 868 836 Jesum
889 773 1111 855 predicantem,

214 893 266 930 πω
292 873 336 938 lac
356 895 412 959 per
433 896 523 939 suam
545 875 722 958 passionem
744 876 898 940 mundum
921 875 1118 943 liberantem.

291 977 365 1064 Ipsa
386 999 460 1044 vero
482 983 556 1063 post
577 979 677 1064 ipsius
699 980 757 1044 filii
780 981 968 1064 passionem,

291 1083 399 1169 Atque
420 1105 510 1148 suam
532 1084 705 1168 gloriosam
727 1089 800 1169 post
822 1087 1044 1167 ascensionem,

291 1189 347 1254 Bis
370 1189 454 1253 binis
477 1189 569 1253 annis
590 1193 623 1254 et
645 1189 762 1274 viginti
784 1191 903 1254 mansit
924 1191 958 1254 in
981 1191 1041 1256 hoc
1063 1193 1191 1271 mundo,

291 1291 477 1359 Incontacta
499 1295 590 1379 virgo
612 1315 743 1359 manens
766 1315 888 1379 semper
911 1297 1003 1360 corde
1025 1296 1152 1361 mundo.

215 1419 266 1455 ⁷11⁰
291 1397 448 1464 Johannis
469 1399 503 1462 in
527 1399 667 1483 hospitio
689 1403 813 1483 tempus
836 1400 897 1464 boc
918 1401 1051 1486 peregit,

292 1503 394 1568 Acin
418 1503 511 1568 domo
531 1504 633 1568 sancti
654 1503 750 1588 Syon,
773 1527 867 1589 quem
889 1506 929 1570 ad
951 1507 1011 1571 hoc
1032 1507 1130 1591 elegit

291 1607 386 1688 Deus,
409 1611 446 1672 ut
468 1607 568 1692 ipsius
589 1612 724 1672 matrem
745 1608 884 1693 hospitio
906 1616 1055 1690 servaret,

291 1713 398 1797 Atque
419 1712 594 1776 necessaria
616 1711 712 1797 digne
733 1717 926 1796 prepararet.

290 1812 323 1879 Si
346 1820 505 1900 queretur,
528 1838 585 1881 cur
607 1817 752 1882 dominus
774 1823 909 1884 matrem
930 1819 965 1883 in
986 1821 1047 1885 hac
1070 1821 1136 1885 vita

214 1939 266 1976 ἰιι
291 1919 371 1985 'Pam
393 1921 447 1986 diu
470 1921 667 2003 sustinuerit,
689 1923 896 2008 respondetur
917 1925 982 2002 ita;

292 2023 338 2092 Ut
358 2026 393 2091 in
415 2029 534 2092 mundo
555 2027 632 2093 fides
654 2027 775 2094 Christi
796 2051 853 2112 per
875 2029 958 2095 hanc
980 2031 1176 2109 dilataretur,

291 2131 350 2197 Per
372 2132 474 2216 ipsam
495 2135 672 2199 incarnatio
693 2134 779 2199 facta
801 2135 999 2218 probaretur,

290 2235 333 2300 Et
354 2238 440 2322 quod
461 2238 518 2304 bec
540 2237 726 2324 Neophytos
748 2240 781 2303 in
804 2239 866 2304 fide
887 2239 1097 2319 confirmaret,

289 2340 419 2408 Necnon
442 2345 641 2430 evangelium
664 2345 782 2409 mundo
804 2344 995 2429 propalaret.

267 2658 319 2733 De
346 2661 451 2733 obitu
479 2661 519 2732 et
546 2660 802 2754 assumptione
829 2658 945 2732 Mario
972 2659 1138 2752 virginis.

216 2883 265 2922 ²¹²⁰
289 2864 349 2932 Sed
371 2889 443 2932 erun
463 2871 573 2952 tempu
594 2871 732 2944 venerat,
756 2869 840 2952 quod
862 2865 966 2948 Jesus,
988 2889 1043 2932 rex
1066 2869 1204 2932 celorum

290 2971 395 3058 Atque
418 2973 468 3037 dei
489 2973 584 3052 filius,
608 2977 731 3038 creator
752 2973 940 3050 seculorum,

288 3076 339 3142 Ab
359 3078 421 3143 hoc
442 3079 559 3142 mundo
580 3085 716 3143 matrem
737 3099 827 3143 suam
850 3099 1008 3143 assumere
1030 3076 1165 3156 volebat,

289 3183 333 3248 Et
352 3183 437 3248 banc
458 3184 492 3247 in
514 3181 573 3248 celi
595 3184 683 3248 curia
703 3182 807 3248 locare
829 3183 1024 3267 disponebat,

287 3287 338 3352 Ad
360 3289 462 3372 ipsam
484 3287 571 3352 misit
593 3289 751 3372 angelum,
774 3288 856 3352 hanc
879 3287 934 3372 qui
955 3286 1150 3352 confortaret

216 3408 265 3448 aas
290 3389 420 3478 Sibique
442 3413 535 3457 suum
556 3391 680 3456 obitum
702 3393 821 3458 instare
843 3392 1014 3456 nuntiaret.

288 3495 392 3582 Igitur
413 3497 465 3561 hic
489 3498 620 3582 angelus
643 3498 682 3562 ad
706 3496 842 3562 Mariam
865 3497 961 3576 venit,

289 3597 378 3665 Intra
399 3622 491 3666 suum
514 3601 693 3666 cubiculum
715 3606 859 3668 orantem
881 3601 964 3664 hanc
985 3601 1115 3667 invenit.

289 3703 340 3769 Ad
360 3727 431 3771 eam
453 3707 498 3770 ait
521 3705 670 3791 angelus:
697 3706 785 3771 »Ave
807 3711 844 3772 tu
866 3707 959 3771 beata

288 3807 389 3896 Virgo
410 3809 460 3876 dei
482 3811 622 3895 genitrix
644 3812 910 3877 incontaminata!

213 3927 262 3968 aa
288 3911 315 3977 Ο
337 3915 413 3980 felix
438 3917 528 4002 virgo
551 3917 722 4002 virginum,
745 3939 867 4001 semper
889 3921 925 3980 tu
947 3915 1088 3992 salveris,

265 4017 458 4090 ,Benedicta
478 4024 515 4084 tu
537 4043 593 4105 pre
615 4023 736 4086 cunctis
758 4023 792 4086 in
814 4026 958 4088 eternum
981 4019 1060 4098 eris;

287 4121 373 4190 Nam
394 4125 469 4190 deus
492 4125 542 4190 dei
563 4125 649 4191 filius
671 4125 767 4192 seculi
789 4131 922 4202 creator,

288 4227 374 4294 'Ibus
397 4233 588 4318 unigenitus,
613 4233 752 4299 celorum
773 4235 977 4320 gubernator,

287 4331 358 4398 Cito
379 4339 471 4401 tuum
492 4337 666 4403 incolatum
688 4339 757 4402 vult
778 4339 972 4417 abbreviare,

212 4451 261 4491 ⁷1¹⁶
285 4436 331 4502 Et
352 4442 399 4505 tui
422 4441 492 4506 vult
513 4443 601 4507 exilii
623 4449 747 4528 tempus
769 4443 944 4527 adcurtare,
