2996 4924
685 363 726 430 77

293 539 367 626 Ipse
388 564 462 606 nam
487 541 628 606 Herodes
651 541 748 618 misit,
772 541 886 624 utqui
909 539 1130 605 invenirentur
1165 615 1167 628 Ι

290 646 435 713 Infantes
458 648 541 712 cirea
564 646 751 711 Bethlehem
774 647 878 711 cuncti
901 649 1098 710 necarentur.

292 751 323 816 A
347 752 469 817 bimatu
492 753 582 837 pueri
604 753 707 816 cuncti
732 752 933 816 trucidentur

204 874 265 912 ¹¹⁸⁵
293 857 339 922 Et
361 858 456 922 etatis
478 858 533 942 qui
555 857 687 922 minoris
710 879 777 921 esse
798 857 989 920 iudicantur.

118 1155 176 1228 De
215 1155 318 1249 fuga
350 1153 489 1248 Joseph
523 1155 562 1224 in
596 1131 786 1248 Egypt'um
827 1175 911 1228 cum
949 1177 1064 1248 puero
1099 1153 1210 1226 Jesna
1245 1157 1284 1228 et

588 1281 712 1350 matre
740 1278 830 1350 eius.
1190 1283 1192 1287 ’

293 1485 396 1552 Nocte
418 1491 562 1552 atemens
585 1487 710 1552 asinum
731 1483 852 1570 Joreph
874 1487 1082 1565 consurrexit,

296 1591 430 1660 Sumens
453 1597 587 1658 matrem
612 1597 708 1678 atque
729 1613 821 1658 suum
843 1614 974 1676 puerum
999 1592 1146 1677 perrexit.

294 1696 330 1762 In
355 1697 518 1785 Egyptum
542 1698 668 1784 fugiens
691 1699 751 1764 sibi
774 1719 829 1763 ceu
853 1697 1037 1762 mandatum

293 1802 410 1869 Fuerat
432 1827 489 1890 per
512 1805 660 1891 angelum
685 1827 703 1869 a
725 1805 783 1869 deo
806 1804 1008 1868 destinatum.

112 1919 115 1923 '
207 1925 265 1964 ²1⁴⁰
294 1908 379 1972 Dum
401 1909 435 1972 in
458 1911 623 1996 Egyptum
646 1911 757 1975 ductus
779 1913 828 1974 eat
849 1908 944 1972 unius
965 1903 1029 1971 fuit
1050 1905 1125 1970 anni

293 2011 396 2092 desua,
420 2014 527 2080 dolum
551 2016 676 2101 fugiens
698 2015 825 2100 pessimi
847 2012 986 2097 tyranni.

293 2117 427 2184 Tamdiu
450 2141 524 2184 nam
548 2119 715 2185 distulerat
735 2119 876 2186 Herodes
899 2139 953 2183 rex
976 2136 1087 2182 necare

291 2221 486 2304 Innocentee,
509 2231 547 2289 nt
568 2223 677 2290 Jeenm
700 2230 806 2310 posset
828 2224 988 2308 indagare.

293 2327 354 2393 Hic
376 2352 440 2394 non
463 2331 571 2396 credat
593 2331 718 2417 aliquis,
742 2330 825 2415 quod
848 2329 944 2394 ierint
965 2328 1000 2392 in
1023 2325 1074 2391 via

207 2451 264 2490 ²¹⁴⁶
291 2431 359 2499 soli
381 2439 544 2520 portantes
568 2457 702 2518 puerum
723 2433 843 2518 Joseph
865 2455 937 2498 cum
961 2431 1073 2509 Maria,

291 2539 374 2616 Quia
395 2539 516 2626 Joseph
538 2541 617 2606 duos
640 2540 736 2607 boves
759 2544 791 2605 et
813 2539 946 2604 totidem
969 2536 1102 2600 ducebat

291 2645 427 2723 Asinos3
453 2646 486 2710 in
509 2667 573 2711 uno
595 2651 697 2710 meter
719 2667 790 2711 cum
813 2665 911 2728 puero
934 2642 1072 2721 sedebat,

291 2749 383 2816 Alter
403 2752 578 2817 necessaria
599 2751 701 2816 vietus
723 2751 912 2835 deportabat

291 2853 352 2919 Per
373 2856 531 2921 desertum
553 2857 586 2920 in
609 2877 673 2941 quo
695 2879 787 2922 nemo
809 2861 886 2922 tunc
907 2854 1120 2920 inhabitabat.

207 2979 264 3016 2¹⁶⁰
291 2961 449 3026 Ancillam
473 2969 569 3047 atque
592 2985 698 3028 servos
721 2967 784 3028 tres
806 2984 911 3028 secum
934 2960 1142 3036 adduxeruut,

292 3064 354 3142 Qui
376 3063 496 3151 Joseph
520 3069 615 3151 atque
637 3067 755 3152 virgini
778 3089 833 3152 per
855 3067 940 3132 viam
961 3065 1148 3131 servierunt.

288 3167 333 3232 Hi
355 3192 411 3252 per
432 3171 613 3236 solitudinis
635 3172 822 3236 transebant
843 3172 888 3236 sie
910 3172 1077 3250 desertum,

293 3273 383 3350 Quod
407 3297 470 3340 non
492 3275 654 3341 habebant
675 3275 818 3342 semitam
842 3298 899 3341 nec
921 3276 1022 3340 ullum
1044 3275 1105 3340 iter
1126 3277 1256 3338 certum.

119 3577 182 3650 De
214 3575 332 3670 signia
360 3599 432 3670 que
459 3579 624 3654 faciebat
649 3577 760 3656 Jesus
786 3603 854 3676 per
881 3579 980 3653 viam
1014 3603 1099 3652 cum
1132 3579 1280 3673 fugeret

570 3704 610 3776 in
637 3704 840 3800 Egyptum.

290 3901 430 3982 Quedam
453 3905 505 3972 hic
526 3909 679 3975 miracula
702 3911 807 3996 posits
828 3911 1012 3978 scribuntur

208 4027 263 4066 ²¹⁵⁶
290 4011 357 4088 Qus
379 4013 412 4077 in
435 4013 496 4079 hoc
516 4014 630 4082 itinere
651 4017 737 4082 faeta
759 4017 950 4084 referuntur.

290 4115 350 4191 Qui
373 4119 559 4194 nonoredit
581 4122 690 4187 audiat
711 4127 817 4190 tamen
840 4124 1007 4209 patienter,

289 4219 332 4286 Et
353 4221 463 4289 Jesum
485 4225 535 4291 dei
557 4227 658 4292 filium
681 4251 745 4294 non
769 4230 852 4294 dieat
874 4231 1089 4314 inprudenter,

288 4324 386 4391 Matri
409 4329 609 4398 dilectissime
631 4340 707 4400 tunc
730 4357 793 4400 non
817 4337 944 4401 affuisse

290 4429 326 4496 ln
349 4435 588 4504 necessitatibus
609 4439 733 4526 sibique
752 4443 951 4508 succurrisse.
