3080 4938
701 361 743 426 45

147 537 180 598 εὴ
202 538 275 617 post
297 539 461 619 portarum
484 536 662 601 clausuram
687 535 828 616 veniunt,
851 541 884 602 et
900 537 1006 602 nuntii
1022 543 1171 624 urgentes
1187 561 1300 605 causas

148 639 315 704 afferentes
338 639 384 704 ibi
405 641 608 720 inducuntur,
632 642 707 706 dum
723 662 818 706 causa
841 663 960 728 magua
974 643 1092 723 subest,
1116 666 1211 729 qnam
1231 667 1301 710 ma·

121 743 251 828 'gietro
274 745 390 810 civium
413 749 539 829 oportet
560 768 725 832 exponere.
791 801 795 816 .

117 933 121 942 Ι
238 847 316 913 Ροεὴ
338 871 456 916 novum
479 873 606 916 murum
630 852 775 936 sequitur
796 851 895 916 turris
924 856 1025 936 portae
1048 851 1160 918 Pontis
1194 855 1301 941 gregis

149 958 181 1018 et
203 977 293 1038 pons,
317 954 372 1040 qui
396 955 480 1020 latus
502 960 551 1021 est
573 960 605 1020 εὴ
620 954 815 1022 fortissimus
831 962 961 1042 propter
976 959 1130 1044 impetum
1147 959 1298 1025 fluminis.

149 1058 241 1144 Saepe
263 1061 348 1124 enim
371 1061 462 1144 aquis
486 1061 642 1141 exundat,
672 1066 705 1128 et
736 1062 796 1126 nisi
827 1083 907 1146 pons
932 1063 1010 1128 bene
1032 1063 1185 1130 fundatus
1208 1069 1300 1144 esset,

149 1164 378 1245 abduceretur,
401 1165 483 1230 sicut
506 1166 660 1240 anteactis
683 1167 775 1231 annis
798 1189 881 1251 saepe
903 1167 1050 1254 contigit.
1090 1169 1172 1234 unde
1205 1169 1302 1235 etiam

151 1269 313 1354 qnondam
336 1270 520 1355 inceperant
542 1269 709 1337 Ulmenses
732 1271 887 1338 adificare
910 1277 1039 1356 pontem
1055 1277 1185 1340 arcuato
1209 1296 1302 1359 opere

148 1373 322 1459 lapideum,
346 1375 399 1440 sed
423 1375 499 1440 dum
522 1379 627 1440 essent
649 1375 682 1440 in
706 1397 800 1460 opere
822 1380 855 1440 et
877 1375 1031 1460 plurimas
1048 1377 1197 1444 fecissent
1219 1401 1301 1463 prae·

148 1482 331 1566 parationes
354 1485 387 1547 et
410 1481 542 1548 aedilicia
565 1483 598 1546 in
621 1505 724 1568 aque,
754 1484 842 1548 venit
873 1484 979 1549 subito
1007 1483 1173 1548 inundatio
1206 1487 1238 1548 et
1268 1485 1301 1548 in

150 1609 216 1650 una
237 1587 318 1652 hora
340 1588 443 1654 noctis
465 1587 572 1653 omnia
603 1587 745 1652 abduxit.
791 1586 877 1653 Nam
909 1587 1079 1674 aliquando
1109 1588 1143 1654 in
1175 1592 1302 1653 tanturn

149 1692 263 1758 crescit
284 1693 420 1773 fluvius,
439 1697 488 1758 'ut
510 1716 566 1778 per
589 1697 715 1778 portam
738 1693 955 1778 ingrediatur,
989 1697 1026 1758 ut
1057 1693 1195 1780 contigit
1217 1717 1301 1759 anno

150 1795 282 1862 Domini
308 1797 402 1863 1374.
448 1797 522 1864 Ideo
555 1802 681 1883 oportet
711 1802 841 1883 pontem
863 1819 993 1884 gravem
1015 1819 1099 1878 esse,
1127 1798 1211 1864 sicut
1232 1821 1301 1864 mo·

150 1903 266 1968 tlemus
289 1924 369 1987 pons
392 1909 508 1987 praeter
531 1903 722 1968 necessarias
753 1904 860 1968 trabes
891 1902 990 1968 babet
1012 1903 1074 1968 duo
1097 1904 1301 1969 tabernacula

149 2006 184 2072 in
209 2006 310 2072 medio
332 2007 448 2072 solatia
478 2008 569 2093 quasi
599 2011 720 2086 turres,
752 2030 814 2074 non
839 2011 964 2074 tantum
987 2013 1117 2092 propter
1141 2007 1300 2088 solatium,

152 2113 307 2196 quantum
338 2115 467 2196 propter
498 2112 631 2196 pondus.
685 2111 782 2180 Ultra
811 2117 941 2197 pontem
972 2117 1020 2178 est
1049 2111 1238 2178 suburbium
1270 2119 1302 2180 et

151 2217 263 2282 multae
285 2216 443 2282 fullonum
467 2217 675 2296 domunculae,
699 2221 836 2303 suntque
859 2218 900 2283 ab
924 2241 960 2284 ea
983 2223 1074 2304 parte
1097 2219 1300 2298 munitiones,

152 2320 283 2402 fossata,
307 2321 412 2406 pbalae
435 2326 467 2386 et
489 2322 583 2402 valla,
607 2322 655 2388 ita
676 2326 713 2386 ut
735 2345 828 2388 nemo
852 2323 953 2408 possit
975 2329 1120 2410 equester
1143 2324 1239 2389 etiarn
1262 2325 1301 2390 ad

150 2447 268 2511 aquam
291 2448 328 2490 ex
351 2427 497 2512 opposito
520 2427 660 2492 civitatis
683 2428 837 2493 accedere.
883 2425 949 2493 Sub
981 2429 1039 2494 illo
1069 2428 1221 2495 suburbio
1253 2435 1303 2494 est

150 2529 347 2596 laborarium
370 2531 641 2617 carpentariorum
670 2533 831 2612 civitatis,
862 2537 893 2598 et
921 2533 1008 2599 locus
1044 2533 1099 2598 nbi
1131 2534 1238 2599 omnia
1267 2535 1299 2599 in

151 2635 336 2702 Danubium
358 2635 538 2704 funduntur
560 2661 631 2724 quae
648 2639 685 2704 de
700 2639 830 2704 civitate
845 2639 1013 2719 ducuntur,
1037 2644 1074 2704 ut
1088 2644 1301 2724 purgamenta
1314 2631 1399 2712 able.

151 2745 184 2806 et
205 2763 370 2806 murorum
392 2741 513 2822 ruinae,
547 2744 601 2809 ubi
626 2745 723 2810 etiam
746 2747 794 2808 eet
817 2748 929 2827 portus
951 2743 1092 2809 Danubii
1124 2745 1245 2828 primus
1268 2748 1302 2809 et

151 2868 328 2931 supremus,
344 2847 382 2912 de
398 2865 461 2931 quo
477 2848 669 2914 descendunt
684 2848 838 2916 onerariae
853 2871 950 2914 nares
965 2853 998 2914 et
1014 2853 1098 2914 rates
1110 2850 1176 2914 sire
1188 2854 1301 2929 strues,

151 2955 184 3016 et
207 2951 380 3016 ascendunt
402 2953 440 3017 de
464 2953 601 3020 Bouaria
623 2954 656 3018 in
680 2976 769 3033 eum,
801 2975 858 3019 nec
888 2953 1021 3020 ulterius
1043 2959 1092 3018 est
1115 2953 1302 3019 ascendendi

151 3055 250 3122 locus.
296 3055 532 3142 consequenter
555 3081 574 3123 a
596 3063 685 3123 turre
709 3058 820 3124 Pontis
844 3063 876 3125 et
892 3063 994 3144 portae
1010 3058 1124 3144 (tregia
1143 3059 1303 3124 descendit

151 3162 185 3226 in
208 3185 292 3246 aqua
314 3185 423 3228 murus
445 3163 585 3229 civitatis
608 3164 691 3229 altus
724 3187 823 3250 usque
856 3166 896 3230 ad
918 3164 1034 3230 turrim
1065 3184 1198 3244 novam,
1230 3185 1301 3248 quae

152 3269 277 3332 noviter
300 3268 385 3334 facta
408 3272 457 3334 est
479 3268 538 3334 sub
561 3291 632 3334 arce
654 3268 907 3350 malefactorum,
931 3269 1020 3334 cuius
1044 3274 1092 3334 est
1114 3270 1205 3354 quasi
1228 3290 1301 3353 pro·

153 3373 378 3458 pugnaculum.
403 3377 468 3439 stet
491 3379 598 3440 autem
621 3375 678 3440 ille
701 3376 800 3440 turris
829 3397 912 3440 nova
934 3375 967 3440 iu
991 3397 1093 3460 aqna,
1125 3373 1303 3438 nechabet

151 3478 308 3544 fenestras
337 3479 416 3544 alias
448 3479 510 3544 nisi
541 3479 699 3544 foramina
728 3480 984 3545 bombardorum.
1035 3479 1154 3544 Dicunt
1185 3481 1301 3557 autem,

153 3583 238 3667 quod
261 3583 292 3647 in
318 3584 416 3649 fundo
438 3583 556 3649 habeat
578 3583 704 3650 foveam
737 3585 926 3668 profundam
956 3607 1038 3670 aqna
1068 3583 1237 3668 repletam,
1269 3581 1301 3645 in

154 3711 218 3774 qua
241 3689 492 3774 submerguntur
514 3689 582 3768 illi,
616 3712 695 3775 quos
725 3713 788 3754 non
813 3692 940 3775 expedit
961 3689 1130 3756 manifeste
1153 3688 1303 3766 occidere,

153 3793 191 3858 ad
215 3795 457 3878 praecavendum
479 3795 581 3860 mains
604 3795 734 3860 malum.
781 3793 884 3880 Supra
916 3818 985 3860 eam
1018 3799 1066 3860 est
1098 3794 1196 3859 turris
1227 3793 1304 3858 olim

153 3900 239 3965 dicta
255 3897 428 3980 balistarii,
452 3904 583 3986 eratque
606 3899 746 3984 antiquo
769 3901 908 3966 civitatis
933 3901 1097 3965 orientalis
1112 3903 1215 3984 porta,
1239 3898 1304 3962 iam

152 4009 200 4072 est
222 4005 323 4071 turris
353 4005 593 4070 malefactorum
624 4005 807 4070 firmissima
829 4010 861 4071 et
883 4005 968 4084 alta,
1004 4003 1151 4069 cellulis¹
1182 4003 1298 4086 ligneis

154 4111 277 4196 repleta
299 4133 358 4196 pro
381 4111 524 4176 custodia
555 4111 771 4195 captivorum,
802 4110 835 4174 in
866 4111 1048 4196 quantiam
1071 4109 1227 4174 locusest
1249 4109 1305 4173 ubi

153 4221 392 4283 tormentantur
424 4221 456 4282 et
485 4215 646 4282 librantur
677 4215 813 4300 suspecti
854 4215 894 4280 ad
933 4213 1148 4280 confitendum
1180 4211 1306 4298 publice

721 4356 738 4394 e

229 4437 242 4491 l
262 4433 373 4490 oollnlie
391 4431 471 4493 Gold.
489 4436 531 4490 ot.
