3014 4926
672 393 733 458 123

153 579 156 588 '
280 569 309 635 A
331 572 434 635 morte
456 588 596 654 surgam,
619 570 656 632 ut
677 570 837 632 testentur
859 567 898 632 de
919 589 969 633 me
991 567 1185 652 prophetie«

186 675 232 740 Μ.
279 673 332 742 »si
353 677 386 740 te
408 677 550 739 tuanen
574 672 705 739 dixisses
727 672 964 754 resurrectione,

280 779 341 844 Pre
363 778 471 845 dolore
492 799 631 844 morerer
653 777 761 843 audita
781 777 935 862 passione

199 901 252 940 ³⁶⁸⁰
280 883 350 950 Tua
371 887 479 950 tamen
500 905 664 969 nunquam
686 905 792 948 meum
813 903 868 947 cor
889 883 1007 966 poterit
1029 883 1166 968 gaudere

277 988 414 1055 Tantam
436 989 497 1055 tibi
518 989 697 1074 passionem
719 1009 791 1053 cum
813 986 910 1053 sciam
932 987 1127 1053 imminere«

199 1092 231 1159 J.
279 1091 374 1160 »Non
395 1097 428 1158 te
450 1115 521 1159 mea
541 1093 646 1178 passio
669 1097 793 1158 tantum
817 1091 1030 1171 contristabit,

280 1197 441 1275 Quantum
464 1199 653 1286 resurrectio
674 1202 707 1262 te
728 1195 903 1276 letificabit,

279 1302 351 1388 Ego
373 1303 449 1388 quia
469 1303 574 1388 patiar
596 1300 692 1368 homo
713 1324 798 1368 nunc
819 1302 973 1382 mortalis,

198 1427 253 1466 εδει
279 1407 477 1494 Surgamque
498 1407 696 1494 glorificatus
720 1407 794 1472 deus
817 1407 1037 1472 immortalis«

188 1510 230 1576 Μ.
279 1511 376 1578 »Post
398 1517 487 1578 tuam
508 1513 557 1578 fili
578 1513 756 1599 passionem
778 1513 932 1597 numquid
959 1517 991 1577 te
1013 1513 1136 1593 videbo,

278 1616 362 1684 Ate
384 1618 631 1684 consolationem
654 1641 695 1683 an
717 1617 856 1703 aliquam
879 1617 1057 1692 habebor<¹

202 1721 234 1788 J.
283 1721 462 1808 ›Posquam
483 1744 682 1789 resurrexero
704 1720 765 1786 tibi
787 1720 984 1806 comparebo,

280 1827 495 1913 (iunctamque
517 1833 606 1893 tuam
626 1830 730 1893 mater
752 1827 804 1904 mi,
828 1826 995 1892 tristitiam
1019 1826 1156 1894 delebo«

187 1931 231 1998 Μ.
280 1931 473 2018 »Postquam
496 1931 712 2011 resurrexeris,
736 1929 792 1996 ubi
814 1935 892 1997 tunc
913 1954 1081 1996 mansurus

279 2037 362 2117 Eris,
386 2038 525 2124 etquid,
548 2037 671 2116 filimi,
694 2041 767 2122 post
790 2037 850 2102 hoc
871 2040 908 2102 tn
929 2036 1118 2103 factumst«

202 2141 233 2208 J.
282 2141 402 2227 »Super
424 2148 542 2208 terram
564 2143 777 2228 quadraginta
800 2141 865 2206 dies
888 2141 1117 2222 commorabor,

281 2245 431 2332 Meosque
452 2246 622 2333 discipulos
644 2246 756 2311 docens
778 2245 994 2312 consolabor<

187 2349 232 2416 Μ.
281 2349 361 2426 »Qui
383 2355 459 2417 sunt
479 2351 515 2417 hi
536 2349 693 2436 discipuli,
716 2372 795 2435 quos
818 2351 866 2416 ris
889 2351 1046 2416 consolari

199 2472 253 2512 που
280 2453 442 2541 Tempore,
465 2478 529 2543 quo
551 2459 783 2542 superterram
807 2457 947 2542 disponis
970 2458 1201 2524 commorarite

200 2560 232 2627 J.
280 2561 473 2628 anodecim
495 2565 655 2649 apostolos
676 2560 757 2626 milri
779 2560 914 2640 sociabo,

279 2666 400 2744 Quibus
423 2687 482 2753 ego
505 2667 652 2754 spiritum
675 2671 820 2733 sanctum
843 2689 947 2732 meum
970 2666 1062 2748 dabo,

281 2770 328 2839 Ut
350 2795 406 2858 per
428 2775 608 2839 universam
629 2778 748 2840 terram
769 2771 1019 2838 incarnationem

281 2877 385 2944 Meam
407 2878 526 2944 mundo
548 2878 709 2962 predicent
731 2879 827 2962 atque
849 2877 1056 2962 passionem.‹

187 2982 230 3048 M.
280 2982 393 3048 >Poste
414 2983 473 3049 hos
494 2983 708 3069 quadraginta
729 2982 795 3047 dies
818 2981 894 3068 quid
916 3004 948 3048 es
971 2985 1008 3047 tu
1029 2982 1181 3064 factunm,

279 3085 342 3152 Fili
363 3088 408 3153 mi
430 3087 618 3168 dulcissime,
642 3087 693 3153 rel
716 3111 779 3173 quo
801 3092 878 3153 tunc
899 3110 932 3154 es
954 3089 1100 3155 iturust«

200 3191 231 3259 J.
281 3191 409 3259 »Gelam
431 3215 616 3259 ascensurus
639 3213 699 3278 ego
721 3215 791 3259 sum
815 3194 855 3259 ad
878 3197 1001 3278 patrem
1023 3217 1137 3274 meum,

279 3297 476 3384 Angelorum
498 3297 661 3363 dominum
684 3319 791 3384 regem
813 3303 909 3384 atque
935 3300 1057 3365 deum«

187 3401 230 3468 Μ.
280 3400 410 3468 »Colum
433 3401 461 3468 si
483 3403 670 3484 ascenderis,
692 3425 743 3469 me
765 3404 866 3470 solam
888 3403 1090 3490 derelinquis,

202 3525 254 3564 uu
281 3504 309 3572 0
330 3507 374 3572 mi
396 3505 442 3572 lili
465 3506 567 3587 unice,
589 3507 640 3573 cui
662 3530 712 3574 me
735 3498 887 3594 relinquis
897 3512 933 3575 ?‹

200 3611 232 3678 J.
282 3611 374 3678 »Non
396 3617 438 3690 te,
461 3616 563 3678 mater
585 3635 739 3693 amorosa,
764 3613 865 3679 solam
888 3613 1113 3699 derelinquam,

279 3714 339 3781 Sed
362 3737 421 3802 ego
443 3717 504 3783 tibi
526 3717 665 3803 plurima
686 3719 802 3784 solatia
824 3717 1001 3804 relinquam

279 3820 330 3888 Ex
351 3821 430 3888 meis
452 3823 608 3903 fidelibus,
631 3823 665 3888 in
687 3846 738 3890 me
760 3823 911 3889 credituri

279 3925 341 4003 Qui
363 3931 437 3992 suut
459 3932 491 3993 et
513 3927 573 3993 tibi
595 3931 725 4014 propter
749 3951 798 3995 me
819 3927 956 3995 libenter
978 3929 1156 3996 servituri«

188 4029 233 4096 Μ.
281 4029 374 4097 »Sine
396 4035 428 4097 te
449 4032 598 4098 solatium
621 4033 743 4098 nullum
768 4032 948 4118 acceptabo,

281 4133 342 4199 Tui
364 4135 391 4200 si
414 4157 544 4203 caruero
565 4137 648 4203 mori
670 4139 741 4223 plus
765 4138 911 4224 optabas

205 4239 235 4304 J.
284 4241 431 4326 »Absque
453 4242 668 4309 consolatione
690 4248 721 4309 te
743 4265 813 4310 mea
835 4265 898 4309 non
922 4243 1091 4323 dimittam,

281 4343 353 4410 'libi
375 4367 449 4412 nam
470 4347 669 4432 paraclytum
688 4347 893 4414 mitissimum
915 4349 1085 4415 remittam.

282 4447 343 4516 Hic
360 4454 407 4518 est
428 4455 555 4519 sanctus
578 4451 709 4539 spiritus
732 4453 901 4539 procedens
924 4475 979 4520 ore
1000 4453 1060 4533 dei,
