3072 4936
799 379 861 442 120

722 549 921 615 wissant

339 691 574 758 Wissensium²
605 693 728 756 familia
751 690 911 756 Ulmensis
943 692 1075 776 antiqua
1105 693 1180 756 olinr
1204 691 1312 756 felicia
1335 692 1405 756 fata

254 798 375 862 babens
398 798 518 862 divitiis
542 803 573 862 et
596 797 770 860 honoribus
786 795 907 860 famata
931 800 1008 861 erat.
1055 796 1105 860 Ex
1121 798 1180 860 hac
1202 819 1269 861 savo
1293 803 1405 860 nostro

253 901 477 986 Sigismundus
501 903 673 987 imperator
694 904 812 966 creavit
836 908 983 966 auratum
1006 901 1140 966 militem
1155 901 1285 966 Petrum
1304 901 1405 976 Wiss‚

252 1011 328 1070 tunc
340 1006 497 1090 hospitem
510 1006 688 1089 principum
701 1005 831 1072 Ulmum
843 1007 1068 1071 declinantium
1086 1007 1117 1070 in
1133 1008 1224 1071 domo
1240 1029 1368 1071 coronae
1382 1009 1403 1070 ³.

253 1111 314 1174 Hic
338 1108 451 1174 Petrus
475 1115 542 1174 erat
567 1111 615 1173 vir
638 1111 809 1196 singularis
832 1109 988 1188 fortunae,
1014 1111 1230 1190 rationabilis,
1254 1112 1404 1194 prudens,

253 1217 358 1294 dives,
391 1216 545 1280 facundus
569 1221 600 1280 et
631 1221 718 1280 totus
749 1217 885 1282 curialis.
933 1217 1031 1280 Filios
1054 1217 1160 1300 plures
1184 1216 1315 1292 babuit,
1348 1217 1403 1300 qui

254 1325 326 1404 post
349 1320 472 1384 obitum
495 1321 649 1403 genitoris
666 1321 763 1384 etiam
786 1345 806 1385 a
820 1321 952 1386 fortuna
968 1321 1109 1385 derelicti
1133 1323 1165 1386 in
1183 1323 1309 1386 diversa
1333 1321 1404 1406 sgi-

252 1426 312 1490 tsti
336 1431 427 1502 sunt;
460 1427 635 1509 dequibus
659 1449 739 1490 unua
763 1429 914 1510 optimam
949 1431 1073 1510 portem
1096 1425 1232 1511 eligens,
1259 1426 1402 1490 ordinem

252 1531 494 1614 praedicotorum
511 1531 682 1615 ingressus,
705 1535 842 1595 sectator
858 1533 1012 1595 bonorum
1029 1553 1159 1614 operum
1183 1532 1287 1595 lactus
1304 1551 1404 1613 usque
1511 1593 1512 1600 χ

252 1637 346 1700 bodie
375 1635 456 1718 apud
488 1657 547 1698 nos
570 1637 722 1719 perdurat
753 1637 912 1701 confrater
946 1642 978 1699 et
1007 1641 1099 1719 pater
1123 1636 1277 1700 Melchior
1303 1633 1402 1708 Wiss,

203 1780 206 1786 ·
251 1740 470 1824 paulatimque
492 1741 580 1803 senio
603 1764 795 1806 marcescens
818 1743 955 1806 sidereas
980 1740 1110 1804 anhelat
1133 1741 1172 1804 ad
1195 1741 1293 1804 sedes.

340 1915 439 1979 Porro
461 1920 575 1998 praeter
606 1917 852 1999 praenominatas
882 1917 913 1979 in
937 1915 994 1980 illo
1016 1917 1127 1980 ordine
1156 1915 1295 1979 familias
1328 1919 1404 1978 sunt

253 2020 356 2084 adhuc
378 2021 498 2104 pluma,
529 2043 664 2104 quorum
688 2021 830 2084 omnium
861 2043 917 2084 neo
947 2021 1076 2084 nomina
1107 2021 1185 2084 mihi
1210 2024 1288 2082 nota
1308 2025 1402 2094 sunt;

253 2125 377 2208 aliquas
401 2149 474 2189 vero
499 2147 611 2202 nosco,
637 2131 673 2188 ut
695 2132 770 2189 sunt
795 2125 953 2210 Rtichiug,
979 2127 1094 2204 nitier,
1119 2126 1245 2203 Limon,
1270 2125 1402 2201 Falben,

255 2229 449 2308 Wackerlin‚
467 2229 627 2315 Gienger⁴
653 2236 685 2294 et
708 2233 804 2295 ceteri
828 2232 929 2298 rnulti.
975 2230 1025 2295 Ad
1051 2231 1135 2295 huuc
1151 2231 1236 2295 enim
1258 2230 1404 2293 ordinem

252 2341 402 2420 computo
418 2357 527 2398 ornnes
544 2336 624 2412 illos,
648 2336 704 2419 qui
727 2358 799 2400 cum
821 2337 944 2400 civibus
961 2337 1164 2420 precedentis
1181 2334 1302 2399 ordinis
1327 2357 1404 2397 con-

253 2441 351 2504 nubia
373 2440 530 2518 inierunt,
563 2439 688 2504 etiamsi
723 2439 788 2504 sint
812 2440 859 2504 vel
881 2441 1002 2504 fuerint
1030 2439 1227 2516 mechanici,
1258 2444 1295 2502 ut
1328 2443 1403 2501 suut

254 2543 498 2628 Giengemmm,
533 2545 586 2628 qui
610 2544 788 2629 antiquitus
810 2544 973 2609 molitores
997 2545 1144 2622 fuerunt,
1176 2545 1242 2608 iam
1271 2567 1346 2608 vero
1370 2545 1400 2606 in

253 2653 379 2714 tautum
403 2650 613 2732 profecerunt,
638 2655 674 2712 ut
695 2651 760 2712 sint
783 2651 945 2733 generales
969 2654 1001 2713 et
1023 2650 1221 2714 abundantes
1245 2654 1278 2712 et
1302 2649 1403 2712 famo-

255 2753 371 2816 sissimi
388 2755 617 2837 negociatores,
641 2777 776 2837 quorum
799 2755 856 2818 filii
873 2756 1065 2838 optimatum
1088 2760 1120 2818 et
1144 2755 1300 2818 rusiorum
1326 2760 1401 2819 natu

255 2857 384 2922 filiabus
407 2859 612 2922 matrimonio
636 2861 823 2942 iunguntur.

768 3129 834 3200 Cap.
854 3133 877 3184 5.

252 3277 800 3363 Dequintoordinacivium
827 3276 1403 3364 Ulmensium‚negotiatorunrl.

342 3472 478 3548 Quintus
494 3469 579 3534 ordo
602 3467 718 3530 civium
742 3467 881 3530 civitatis
904 3465 1064 3532 Ulmeusis
1087 3489 1124 3532 er
1148 3469 1405 3554 negotiatoribus

814 3577 831 3614 *

325 3663 336 3714 l
358 3661 466 3714 Wisaen
487 3659 585 3713 Schud.
601 3657 640 3710 ΚΙ.
656 3657 776 3710 Schmid.
791 3657 876 3711 Wibl.
915 3658 953 3713 Da
966 3659 1077 3712 familia
1094 3658 1276 3713 Wissenaium
1291 3660 1366 3716 Mon.
1379 3663 1404 3714 2.

253 3749 291 3802 Da
309 3748 421 3801 familia
441 3746 629 3800 Wiasensium.
666 3744 791 3798 Weissen
810 3745 878 3800 Golr.
900 3745 970 3799 Bess.
1060 3747 1264 3800 awisensium
1285 3749 1360 3802 Mon.
1379 3751 1404 3804 2.

250 3837 443 3891 3Cron·wtirt
468 3852 529 3887 zum
554 3833 636 3886 ritter
655 3833 824 3900 gesohlagon
851 3833 953 3887 Besser.
978 3850 1023 3888 am
1049 3833 1144 3888 rande.
1231 3839 1249 3887 4
1274 3835 1405 3904 ltrlchiug

253 3925 325 3980 Mon.
340 3929 363 3978 ⁶2.
383 3924 481 3978 Schud.
496 3923 537 3977 lll.
552 3920 671 3976 Schmid.
686 3921 754 3976 Golr.
770 3922 842 3976 Beas.
879 3921 1044 3991 Ruehingen
1059 3921 1144 3976 Wibl.
1195 3921 1287 3976 Ritter
1305 3923 1404 3977 Sobad.

252 4011 372 4066 Schmid.
391 4012 478 4065 Wibl.
498 4011 567 4066 Golr.
593 4009 634 4062 ltl.
652 4009 726 4063 Boas.
764 4009 866 4064 ltutter
884 4010 994 4066 Mout.
1055 4011 1267 4064 tinnenSehad.
1282 4010 1405 4065 Schmid.

251 4099 321 4156 Gok.
343 4099 388 4152 Kl.
426 4099 501 4152 lilasi
524 4099 596 4153 Mon.
618 4099 643 4150 2.
682 4096 795 4151 Linssan
817 4097 902 4152 Wibl.
950 4097 1056 4152 Falben
1074 4097 1245 4152 habenalle.
1275 4097 1403 4153 Wacker-

251 4188 292 4241 lin
312 4186 411 4242 Schad.
432 4184 552 4239 Schmid.
565 4183 635 4240 Golr.
648 4183 692 4239 ΚΙ.
707 4183 777 4239 Besa.
817 4183 955 4239 Wackarli
970 4185 1041 4239 Mon.
1055 4185 1080 4239 2.
1117 4182 1303 4239 Wackbarlan
1319 4185 1404 4239 Wibl.

251 4273 372 4342 (tienger
400 4271 491 4324 haben
523 4271 588 4326 alle.
687 4275 702 4325 5
731 4273 941 4337 negotiatorum
967 4271 1096 4340 slcilicat)
1124 4269 1225 4325 Schad.
1256 4275 1324 4339 (uon
1350 4272 1405 4340 Kl.)

253 4360 292 4414 De
309 4357 541 4428 Negotiatoribus
565 4359 633 4413 Gok.
661 4358 787 4414 dersalbe
805 4377 851 4414 um
870 4359 970 4414 rande:
999 4358 1025 4414 V
1052 4359 1120 4415 ordo
1146 4358 1252 4412 ciuium
1284 4359 1405 4414 Vlmena

253 4447 360 4501 Ebenao
381 4446 452 4500 Besa.
