3060 4936
713 391 775 458 177

167 563 315 630 monachi
345 565 555 646 devenerunt,
588 571 624 632 ut
658 569 845 652 spectaculis
880 568 1086 648 secularium,
1124 569 1316 649 hastiludiis,

164 669 290 736 choreis
319 693 356 736 ac
378 670 499 755 nuptiis
531 671 730 738 interessent.
761 673 914 757 stetitque
946 674 1011 738 divi
1035 673 1196 740 Benedicti
1229 697 1319 740 sacra

168 775 281 860 religio
305 776 370 842 fere
385 776 503 861 ubique
525 777 585 843 sub
600 779 658 846 tali
681 778 889 844 dissolutione
904 801 1003 863 usque
1025 780 1064 844 ad
1080 779 1159 844 illud
1183 785 1316 864 tempus,

165 902 229 966 quo
253 882 294 945 ab
317 881 536 948 incarnatione
558 883 678 948 domini
701 883 951 949 numerabantur
973 883 1049 948 anni
1075 884 1169 964 1412,
1196 885 1230 948 in
1254 907 1317 970 quo

166 1007 250 1050 anno
283 1006 402 1050 novum
434 987 520 1050 sidus
554 986 678 1072 fulgere
711 988 826 1072 coepit,
860 988 1053 1052 clarissimus
1086 989 1135 1052 vir
1169 989 1316 1054 dominns

165 1089 343 1155 Ludovicus
359 1090 499 1155 Bembus
514 1088 535 1170 ¹,
560 1091 713 1174 patricius
731 1098 871 1171 venetus,
889 1093 1008 1158 ordinis
1024 1095 1125 1158 sancti
1141 1091 1314 1172 Benedicti,

166 1195 222 1277 qui
251 1193 390 1260 collectis
421 1195 460 1260 ad
491 1216 524 1258 se
553 1195 664 1260 zelosis
694 1196 770 1262 viris
804 1197 854 1262 sui
885 1198 1005 1263 ordinis
1034 1199 1316 1283 congregationem

167 1299 440 1384 religiosissimam
463 1303 581 1364 sanctae
604 1297 742 1364 Justinse
765 1300 881 1366 Padusa
904 1302 1066 1366 inchoarit
1088 1307 1120 1367 et
1142 1308 1316 1368 conventus

167 1405 272 1490 lapsos
289 1403 459 1470 structuris
476 1409 509 1468 et
524 1404 699 1488 disciplinis
716 1406 869 1470 relevavit
884 1411 917 1470 et
932 1407 1127 1472 reformavit.
1160 1408 1316 1492 Exemplo

166 1531 243 1595 ergo
267 1510 354 1574 illius
376 1509 558 1593 spectabilis
590 1509 650 1573 viri
675 1509 796 1574 domini
818 1509 968 1576 hudouici
998 1513 1100 1578 multa
1123 1514 1316 1578 monasteria

166 1639 222 1700 per
246 1617 355 1682 orbem
376 1620 541 1699 coeperunt
564 1613 730 1680 refomari
763 1639 819 1700 per
841 1639 915 1681 suos
938 1618 1086 1701 praelatos
1119 1623 1152 1682 et
1173 1618 1314 1684 abbates.

165 1723 250 1786 inter
273 1741 352 1806 quos
376 1722 498 1804 primus
522 1720 561 1785 de
584 1720 671 1784 omni
687 1718 803 1786 Suesia
825 1721 960 1807 insignis
981 1723 1030 1787 vir
1051 1723 1198 1788 dominus
1215 1723 1315 1788 Udal·

167 1827 250 1892 nens
266 1824 452 1892 Habliael²
474 1849 603 1891 manum
628 1827 668 1891 ad
683 1833 825 1892 aratrum
847 1827 936 1894 misit
959 1834 991 1893 et
1010 1835 1200 1895 conventum
1223 1853 1315 1895 suum

168 1930 422 2018 Wiblingensem
445 1932 630 1998 reformavit
652 1955 735 1997 anno
758 1933 877 1998 domini
904 1934 985 1998 1435
999 1935 1033 2014 ³,
1064 1936 1156 2000 annis
1180 1937 1221 1999 23
1244 1941 1316 2020 post

164 2037 301 2121 primam
335 2037 610 2116 reformationem,
645 2059 716 2122 quae
748 2036 866 2104 Paduae
900 2041 939 2104 ad
979 2045 1123 2108 sanctam
1153 2040 1315 2106 lustinum
1345 2089 1350 2102 .

165 2141 273 2226 vigere
290 2142 396 2226 coepit,
413 2143 446 2206 in
469 2142 536 2207 vita
551 2142 654 2208 adhuc
676 2143 885 2209 existentibus
908 2144 1019 2228 primis
1042 2146 1312 2210 reformatoribus.

165 2245 309 2323 Quantas
340 2251 448 2312 autem
475 2247 680 2312 difficultates
712 2249 899 2314 sustinuerit
923 2250 1110 2314 venerabilis
1140 2256 1230 2334 pater
1260 2251 1314 2314 ille

165 2350 359 2418 Udalricus⁴
399 2351 434 2416 in
471 2350 698 2418 reformatione
730 2355 778 2418 sui
814 2358 987 2420 conventus
1023 2359 1154 2439 propter
1184 2377 1314 2420 suorum

166 2457 303 2522 fratrum
327 2457 618 2536 contradictionem,
643 2479 706 2523 non
729 2457 866 2524 faciliter
887 2462 994 2542 potest
1015 2460 1149 2524 narrari.
1183 2482 1255 2526 nam
1280 2461 1314 2525 in

168 2566 260 2626 tanto
283 2561 357 2628 vita
380 2584 444 2627 suae
468 2562 575 2626 stabat
597 2562 753 2646 pericu10,
786 2569 824 2627 ut
857 2569 975 2629 secrete
997 2564 1096 2630 lorica
1124 2563 1183 2630 sub
1205 2566 1314 2630 tunice

164 2666 295 2732 indutus
317 2667 351 2730 in
374 2667 485 2746 choro,
519 2667 659 2750 capitulo
681 2672 714 2732 et
745 2668 912 2734 refectorio
935 2671 1104 2734 conventui
1134 2670 1315 2754 impatienti

165 2772 336 2836 assisteret.
382 2769 502 2836 Grandi
525 2793 603 2856 ergo
625 2771 734 2838 labore
757 2777 789 2838 et
810 2773 914 2839 multa
942 2775 1155 2841 sollicitudine
1177 2797 1315 2842 conven-

164 2874 341 2942 furnillum
357 2875 395 2940 ad
411 2880 534 2940 tautam
550 2875 775 2960 perfectionem
792 2879 923 2962 redegit,
946 2885 983 2944 ut
998 2881 1158 2964 exemplar
1173 2883 1315 2946 omnium

165 2980 341 3045 Alemaniae
363 2986 574 3045 conventuum
600 2981 699 3060 lieret,
723 2983 848 3068 aliaque
871 3007 909 3048 ex
932 3007 969 3048 eo
993 2985 1184 3050 monasteria
1213 2987 1314 3051 refor·
1523 3071 1524 3074 Ἴ

165 3090 345 3165 murentur,
386 3087 461 3170 qnia
501 3086 606 3170 plnres
641 3085 761 3156 aelosos
794 3094 827 3154 et
860 3095 1001 3154 maturos
1040 3091 1125 3154 viros
1164 3089 1407 3168 habebat,‡³,⁰,¹„‘,
1523 3161 1524 3172 ,

164 3189 321 3256 Successit
362 3189 436 3254 huic
473 3191 615 3274 gratioso
653 3192 738 3275 patri
772 3193 962 3258 venerabilis
994 3193 1140 3259 dominus
1171 3193 1312 3260 Joannes

164 3294 325 3375 Palmerl,
349 3295 404 3380 qui
427 3318 484 3380 per
505 3295 630 3380 aliquot
653 3318 752 3362 annos
775 3297 904 3362 functus
928 3297 1034 3362 officio
1056 3320 1162 3362 curam
1186 3298 1314 3382 penitus

164 3400 359 3486 resignavit,
394 3401 492 3484 quieti
525 3401 652 3466 studere
674 3403 811 3486 cupiens.
858 3401 895 3467 ln
918 3403 1008 3466 cuius
1039 3403 1142 3468 locum
1165 3403 1315 3468 successit

163 3507 354 3572 reverendus
370 3511 460 3590 pater
475 3511 507 3572 et
523 3507 668 3571 dominus
683 3507 846 3572 Conradus
864 3505 966 3585 Ruch,
991 3508 1046 3591 qui
1061 3507 1156 3572 hodie
1178 3506 1315 3572 feliciter

163 3618 198 3678 et
212 3612 335 3677 utiliter
350 3613 434 3698 regit
449 3611 510 3676 sibi
530 3612 682 3677 creditum
701 3613 885 3698 religiosum
901 3617 1101 3678 conventum.
1147 3613 1314 3678 Commen-

164 3717 324 3783 datiouem
356 3718 442 3782 illius
465 3718 584 3782 ordinis
615 3723 647 3784 et
678 3724 852 3784 conventus
876 3739 982 3803 quaere
1011 3716 1142 3802 supra⁶.
1187 3716 1314 3784 Dicitur

730 3863 748 3904 a

241 3944 420 4000 lhuduicus
439 3945 519 4002 Gold.
538 3948 578 4000 ut.
614 3945 719 4002 Barbas
737 3945 798 4002 Sch.
817 3945 860 4000 Kl.
880 3943 960 4000 Gold.
980 3948 1020 4024 ut.
1041 3944 1112 4002 lion.
1134 3947 1155 4002 1.
1191 3947 1312 4002 Bembus

162 4033 251 4088 Wibl.
271 4033 361 4089 Schm.
380 4033 557 4105 (corrigiert).
600 4033 784 4090 2Uldaricns
802 4034 862 4091 Sela
882 4033 926 4088 Kl.
945 4033 1035 4088 Schm.
1072 4032 1208 4088 Udarieus
1228 4035 1312 4089 Wibl

163 4120 296 4176 Habliael
316 4121 403 4178 Wibl.
420 4121 510 4178 Subur.
550 4122 699 4178 tlablutzel
718 4121 799 4178 Gold.
819 4125 859 4175 nt
879 4122 953 4176 ldon.
973 4121 996 4175 1.
1033 4119 1058 4174 S.
1073 4138 1093 4174 s.
1108 4123 1165 4176 165.
1215 4120 1312 4176 31435

164 4209 238 4264 blau.
261 4213 283 4262 1.
301 4209 361 4266 Sch.
383 4209 427 4262 lll.
448 4207 539 4262 Schm.
559 4208 639 4264 Gold.
658 4210 697 4262 ut.
739 4210 805 4262 1134
823 4206 909 4260 Wibl.
986 4209 1002 4260 4
1022 4207 1168 4264 Udalricus
1188 4209 1248 4262 Sch.
1270 4207 1311 4262 lll.

166 4295 313 4352 Uldaricus
333 4295 418 4350 Wibl.
438 4294 528 4350 Schm.
616 4295 773 4351 5Joannea
796 4294 906 4350 Palmer
924 4295 1011 4350 abbas
1030 4296 1103 4352 Mon.
1125 4298 1147 4350 l.
1192 4295 1313 4350 loannes

164 4387 277 4442 Palmer
296 4383 357 4440 Soh.
401 4384 524 4441 loannes
552 4383 664 4438 Palmar
685 4383 726 4438 lll.
745 4382 831 4437 Wibl.
851 4381 942 4438 Schm.
978 4385 1100 4440 Joanuea
1120 4383 1213 4438 abbas
1232 4382 1312 4438 Gold.

162 4476 203 4528 ut
275 4475 292 4528 6
309 4471 586 4528 Commendationem
605 4511 612 4527 .
631 4514 638 4528 .
657 4511 663 4524 .
683 4514 690 4527 .
711 4488 797 4542 supra
816 4471 890 4526 fehlt
908 4471 952 4526 bei
972 4471 1044 4528 tlon.
1066 4471 1080 4524 1
1100 4469 1157 4524 und
1170 4470 1250 4526 Gold.
1272 4473 1312 4526 ut
