3034 4922
544 369 550 388 '
666 352 727 444 ’111

278 551 369 618 Jesus
392 575 515 638 panem,
540 553 691 637 frangens
714 573 796 631 eum,
821 557 853 618 et
874 553 939 619 illis
962 555 1141 622 exhibebat.

277 657 392 724 Statim
414 662 631 744 cognoverunt
653 680 725 722 eum
748 659 780 722 in
804 660 895 744 panis
917 659 1080 740 fractione,

276 763 335 829 Sed
356 765 425 848 ipse
446 785 521 828 mox
543 763 673 829 evanuit
696 763 737 828 ab
760 787 869 830 eorum
891 765 1019 831 visione.

200 888 251 926 ⁸2³⁰
278 867 450 954 Surgentes
474 869 514 933 ad
536 869 705 952 discipulos
728 869 776 933 illi
799 870 977 948 redierunt3

277 973 391 1038 Omnia
413 996 475 1059 que
496 974 651 1054 viderant,
675 975 752 1058 ipsis
774 975 961 1054 retulerunt,

277 1077 419 1154 Qualiter
441 1083 598 1170 noverunt
620 1077 730 1144 Jesum
752 1079 786 1144 in
808 1082 899 1165 panis
922 1079 1086 1162 fractione,

276 1183 324 1249 Ac
346 1185 380 1248 in
403 1205 461 1249 sua
480 1188 630 1249 consueta
653 1184 880 1250 benedictione.

253 1505 355 1592 Quod
384 1504 555 1578 dominus
583 1505 759 1602 apparuit
785 1503 811 1579 J
813 1508 928 1583 acobo
957 1507 1138 1602 apostolo.

277 1714 415 1780 Jacobus
438 1715 600 1800 apostolus
623 1715 657 1780 in
681 1715 799 1781 Christi
821 1717 967 1800 passione

201 1831 265 1879 aaa
278 1821 398 1886 Votum
422 1819 508 1900 iecit,
531 1843 564 1886 se
586 1821 806 1906 constringens
829 1843 900 1886 cum
923 1823 1129 1903 adiuratione,

278 1925 368 2002 Quod
392 1925 514 1989 nullum
537 1925 643 1990 cibum
666 1925 793 2009 penitus
815 1927 883 2010 ipse
906 1928 1119 2006 manducaret,

276 2029 389 2116 Neque
412 2030 476 2096 vite
498 2030 728 2095 nutrimentum
752 2029 880 2114 aliquod
902 2035 1057 2116 gustaret,

277 2136 386 2202 Donec
407 2136 527 2200 videret
549 2135 712 2200 dominum
734 2137 772 2200 de
794 2141 896 2200 morte
917 2139 1098 2218 surrexisse,

279 2240 379 2318 Quem
401 2263 458 2324 per
479 2245 614 2306 mortem
637 2263 726 2305 suam
749 2241 842 2305 scivit
863 2243 1016 2306 mundum
1040 2243 1215 2308 redemisse.

201 2365 252 2402 ⁸2⁴⁰
280 2345 339 2411 Sed
361 2344 413 2410 hic
436 2345 469 2408 in
493 2345 635 2408 oratioue
658 2367 730 2408 cum
751 2349 966 2428 perseveraret

279 2450 386 2535 Atque
409 2449 668 2515 resurrectionem
690 2451 877 2533 promissam
900 2455 1105 2535 exspectaret,

281 2555 365 2620 Huic
388 2555 532 2620 dominus
556 2555 704 2639 apparuit
726 2560 758 2619 et
780 2555 864 2620 hunc
886 2557 1119 2638 consolabatur,

279 2659 455 2725 Ostendens
478 2681 535 2724 sua
557 2659 688 2723 vulnera
710 2679 743 2722 se
767 2659 875 2724 vivum
898 2661 1088 2726 testabatur.¹

153 2974 255 3062 Quod
283 2977 454 3052 dominus
482 2976 657 3072 apparuit
684 2975 872 3072 discipulis
900 2977 1055 3050 absente
1082 2975 1238 3051 Thomu.

280 3184 317 3252 In
341 3187 434 3252 domo
456 3207 528 3250 cum
550 3183 697 3270 discipuli
719 3185 813 3250 simul
836 3190 939 3250 esseut
961 3187 1060 3252 clausi

206 3309 257 3347 ⁸²⁴⁵
281 3291 325 3358 nt
346 3293 431 3358 exire
453 3296 583 3376 propter
606 3296 725 3356 metum
747 3313 947 3377 nequaquam
970 3295 1074 3356 essent
1096 3291 1174 3371 ausi,

280 3397 377 3463 Venit
399 3396 492 3463 Jesus
515 3397 554 3461 ad
578 3418 631 3462 eos
653 3397 686 3461 in
710 3399 801 3462 vultu
824 3398 994 3476 claritatis3

283 3501 366 3567 »Pax
390 3501 519 3566 vobisn
545 3501 601 3580 ait,
627 3522 706 3586 »ego
728 3505 816 3566 sum!
840 3501 922 3565 nihil
943 3502 1117 3568 timeatis!‹

283 3603 471 3692 lnceperunt
493 3628 600 3671 omnes
623 3605 672 3670 illi
694 3607 798 3672 territi
821 3607 943 3687 timere,

282 3709 485 3777 Estimabant
506 3711 643 3796 aliquem
666 3733 699 3776 se
722 3712 870 3797 spiritum
891 3712 1007 3778 videre.

208 3833 256 3872 ⁶²⁶⁰
282 3813 372 3882 Jcsus
396 3816 458 3881 ait:
484 3816 605 3882 »Carne
627 3821 713 3882 earet
735 3817 866 3902 spiritus
889 3823 920 3883 et
943 3839 1021 3896 osse,

281 3919 326 3987 Ut
348 3921 465 3986 habere
487 3943 538 3986 me
561 3921 684 4000 videtis,
707 3921 752 3986 sic
773 3945 823 3986 1111
847 3921 979 4007 potestis
1002 3943 1103 3987 nosse.

282 4024 394 4091 Videte
417 4049 528 4091 manus
552 4031 646 4112 atque
670 4027 762 4111 pedes
785 4049 871 4092 meos
894 4032 990 4112 atque
1012 4027 1115 4092 latus!

280 4129 351 4216 Ego
374 4131 456 4198 idem
479 4133 545 4217 ipse
568 4154 639 4198 sum
662 4154 681 4198 a
703 4138 805 4198 morte
827 4133 1007 4200 suscitatus.

283 4239 332 4303 Ad
355 4240 605 4306 manducandum
630 4263 670 4304 an
692 4239 817 4306 habetis
840 4241 960 4327 aliquid
984 4239 1165 4304 hinnibile

212 4359 260 4396 ⁶²⁶⁶
286 4341 358 4408 Mox
381 4343 489 4411 favum
512 4347 615 4411 mellis
638 4351 734 4432 atque
757 4349 873 4432 piscem
897 4345 1082 4411 obtulerunt
1104 4343 1175 4408 sibi.

284 4445 395 4512 Coram
416 4449 493 4533 ipsis
517 4449 681 4514 comedens
704 4449 853 4535 reliquias
876 4449 1018 4536 porrexit

1003 4553 1035 4608 ll
1047 4552 1063 4586 'l
