3014 4926
778 277 840 344 168

312 473 364 514 ⁴⁹³⁶
391 456 545 522 Dicentur
567 459 653 533 tunc,
675 458 709 520 et
732 453 914 540 uberaque
936 475 999 519 non
1021 454 1228 522 lactaverunt.

390 561 436 627 Et
458 565 535 626 tunc
556 582 613 644 pre
635 559 748 625 timore
770 563 893 626 montes
916 560 955 625 ad
977 581 1010 625 se
1032 563 1262 648 protegendum

390 665 588 734 Invocabunt
610 669 706 751 atquc
728 665 823 732 colles
845 665 886 730 ad
908 664 1140 752 aperiendum«

237 965 342 1052 Quod
368 965 481 1040 Jcsus
507 965 646 1038 vadens
681 963 728 1036 ad
761 962 972 1058 passionem
1007 965 1273 1042 consolabatur
1301 991 1379 1041 ma
1488 971 1489 978 '

685 1089 784 1160 trem
811 1109 929 1161 suam.

392 1295 496 1362 Mater
518 1295 593 1362 Jcsu
618 1318 712 1380 super
733 1299 842 1382 pectus
864 1296 933 1361 nati
954 1295 1122 1362 corruebat

392 1402 437 1467 Et
457 1405 492 1467 in
515 1403 580 1467 suis
602 1401 741 1466 brachiis
763 1401 932 1467 lacrimans
955 1400 1096 1468 herebat.

315 1529 366 1566 ruo
394 1507 454 1573 Prc
476 1508 583 1573 dolore
605 1507 703 1572 nimio
726 1507 812 1592 loqui
835 1529 899 1572 non
922 1507 1056 1586 valebat,

394 1613 455 1680 Sed
478 1611 570 1679 Jesus
593 1635 663 1678 eam
685 1611 818 1678 dulciter
840 1611 1005 1678 consolans
1027 1612 1086 1678 hec
1107 1612 1245 1679 dicebat:

394 1718 440 1784 »Ο
462 1722 564 1784 mater
585 1719 630 1784 mi
652 1717 842 1798 dulcissima,
866 1739 930 1783 nou
952 1721 1079 1783 tantum
1100 1718 1296 1784 contristaris

393 1825 526 1910 Propter
546 1845 648 1889 meam
671 1823 857 1908 passionem,
881 1823 934 1889 sed
956 1845 1068 1908 parum
1090 1823 1268 1904 consoleris,

392 1931 474 2008 Quia
495 1951 553 2014 pro
575 1928 677 1994 salute
699 1928 809 1994 mundi
830 1949 898 1994 sum
922 1929 1015 1994 modo
1038 1928 1220 2009 moriturus,

316 2055 368 2094 uc
394 2035 514 2100 Tamen
537 2033 586 2098 die
608 2033 704 2098 tertia
726 2055 888 2119 resurgam
911 2038 943 2099 te
965 2034 1099 2099 visurus.

394 2140 471 2204 Plus
493 2143 525 2203 te
547 2142 604 2202 tua
625 2138 763 2203 tribulor
784 2160 868 2204 nunc
890 2136 1072 2218 afflictione,

393 2245 495 2322 Quam
518 2244 557 2309 de
579 2265 648 2309 mea
670 2243 792 2309 doleam
815 2266 873 2331 ego
896 2245 1052 2329 passione,
1130 2315 1133 2320 ,

393 2350 455 2416 Gor
476 2371 580 2416 meum
602 2349 705 2434 magis
727 2349 881 2430 vuluerat,
905 2351 988 2434 quod
1011 2354 1048 2415 tu
1070 2349 1233 2414 tribularis

395 2454 497 2532 Quam
519 2453 621 2518 omnis
642 2476 713 2519 mea
735 2453 840 2538 passio
862 2477 958 2540 quarn
982 2455 1015 2520 iu
1037 2477 1088 2520 me
1110 2452 1310 2540 speculeris«

422 2771 526 2856 Quod
553 2769 662 2846 Jesus
688 2772 728 2844 in
755 2771 941 2867 Golgatha
968 2771 1103 2846 duetus
1129 2773 1199 2846 est.

317 2999 369 3040 coco
395 2980 473 3046 Post
495 2981 556 3046 hoo
577 2979 821 3066 benignissimus
843 2979 935 3047 Jesus
958 2980 1131 3046 ducebatur

394 3085 433 3152 In
455 3085 626 3172 Golgatha‚
649 3084 792 3152 Calvarie
814 3086 869 3172 qui
891 3086 978 3152 locus
1001 3085 1172 3152 dicebatur.

395 3191 445 3257 Ibi
467 3195 569 3258 vestes
591 3191 632 3256 ab
654 3212 692 3256 eo
713 3213 786 3258 suas
810 3191 1042 3272 abstraxerunt,

394 3297 559 3364 Nudatum
581 3301 649 3363 toto
672 3319 802 3383 corpore
825 3301 909 3363 stare
930 3303 1008 3362 tune
1028 3296 1180 3363 feceruut.

394 3402 588 3469 Obtulerunt
610 3403 649 3468 cd
671 3403 836 3469 bibendum
860 3401 922 3468 sibi
944 3406 1020 3467 tunc
1042 3404 1212 3468 mirratum

316 3527 367 3566 rou
394 3507 514 3573 Vinum
537 3512 632 3594 atquc
654 3508 727 3594 felle
749 3509 884 3572 mixtum
907 3512 940 3571 et
962 3508 1180 3573 amaricatum.

394 3611 453 3679 Sed
476 3611 569 3680 Jesus
591 3614 670 3679 illud
693 3613 813 3698 respuit
835 3617 866 3678 et
890 3612 997 3680 bibere
1019 3612 1157 3693 nolebat,

393 3719 483 3796 Quod
506 3742 631 3784 amarus
654 3723 736 3784 esset
757 3721 851 3803 potus
874 3719 953 3785 bene
975 3741 1050 3784 nam
1073 3719 1201 3784 sciebat.

395 3823 484 3887 Tunc
506 3845 653 3888 coronam
676 3827 896 3889 contorserunt
918 3824 956 3889 de
977 3823 1139 3908 iuneisque
1162 3823 1303 3904 marinis,

393 3927 516 3993 Horum
539 3935 613 3994 sunt
635 3929 735 3995 aculei
758 3929 913 3995 acutiores
936 3929 1044 4015 spinis.

316 4053 367 4090 (πω
394 4033 486 4098 Hanc
509 4055 656 4098 coronam
679 4037 853 4120 posuerunt
874 4057 968 4120 super
990 4039 1086 4120 eaput
1108 4035 1184 4114 eius,

393 4137 453 4203 Per
475 4161 570 4223 quam
593 4137 685 4204 Jcsus
707 4139 911 4226 pungebatur
932 4141 1041 4207 durius
1063 4145 1096 4208 et
1118 4142 1217 4228 pejus,

303 4266 312 4279 ⁴
394 4241 501 4328 Atque
523 4243 572 4308 sui
595 4245 707 4329 capitis
729 4245 801 4330 plus
823 4246 1009 4312 vulneratur
1030 4247 1112 4313 cutis

391 4348 442 4419 Ex
464 4347 593 4414 illorum
614 4349 781 4416 iuncorum
803 4351 920 4418 acrrleis
943 4351 1054 4432 acutis,
