3034 4922
765 349 828 420 264

284 637 388 725 Quod
416 635 629 733 Stephanus
655 635 914 732 protomartyr
942 635 1105 731 suscepit
1131 634 1304 708 Mariam.

380 847 601 931 Protomsrtyr
623 843 802 930 Stephanus
824 844 920 910 etiam
942 845 1080 930 suscepit

380 951 516 1016 Mariam
538 955 634 1036 atque
656 950 763 1016 lendes
786 950 815 1016 ei
838 950 1004 1027 decantare
1026 950 1119 1035 cepit,

382 1056 512 1122 Dicens:
538 1055 727 1122 »Benedicta
749 1056 802 1136 sis,
824 1056 1015 1140 martyrium
1037 1056 1158 1141 regina,

382 1161 456 1227 Flos
480 1161 641 1247 virginum
662 1165 694 1226 et
717 1160 930 1226 confessorum
953 1160 1047 1226 stella
1069 1160 1243 1225 matutina!

303 1287 354 1324 ⁷⁰00
381 1265 430 1332 Tu
453 1267 669 1350 apostolorum
692 1265 778 1331 sidus
801 1289 833 1331 es
855 1269 888 1331 et
909 1263 1106 1351 angelorum,

382 1371 427 1436 Et
449 1395 565 1438 corona
587 1371 688 1456 glorie
709 1375 894 1437 cunctorum
916 1373 1092 1451 beatorum,

382 1477 431 1542 'I'u
454 1501 486 1543 cs
509 1479 637 1563 signum
660 1477 791 1543 visionis
813 1483 996 1543 sanctornm
1018 1477 1246 1562 prophetarum

382 1583 489 1668 Atque
511 1587 548 1648 tu
570 1582 673 1669 figure
695 1605 790 1648 verax
814 1607 845 1649 es
869 1582 1130 1668 patriarcharum.

383 1687 461 1754 Jesu
483 1689 532 1754 sui
553 1687 612 1753 filii
636 1690 725 1754 testis
747 1689 902 1774 passionis

308 1813 357 1850 ποῦ
386 1793 511 1858 Primus
536 1816 622 1858 erem
645 1799 740 1879 atque
762 1815 817 1860 sue
840 1792 1086 1860 resurrectionis.

386 1899 519 1984 Propter
541 1923 612 1964 eum
635 1923 654 1964 a
676 1899 785 1966 Judeis
808 1900 857 1965 fui
878 1899 1048 1984 lapidatus,

383 2005 472 2090 Ergo
495 2028 578 2070 nuno
601 2007 641 2070 ab
664 2007 733 2090 ipso
756 2027 826 2071 rum
848 2005 882 2069 in
904 2004 979 2071 celis
1002 2005 1200 2069 coronatus«

428 2111 478 2176 Sic
500 2109 635 2176 Mariam
658 2111 797 2176 universi
818 2111 920 2176 sancti
942 2111 1147 2194 susceperunt

384 2215 492 2300 Atque
513 2215 575 2280 sibi
597 2216 715 2303 singuli
738 2214 846 2281 leudes
868 2218 1087 2292 cantaverunt,
1128 2223 1131 2230 “
1165 2249 1170 2258 ·

306 2341 357 2378 ruo
384 2321 428 2385 Et
451 2321 490 2385 ad
512 2320 663 2386 thronum
685 2321 840 2386 trinitatis
863 2319 1032 2405 psallentes
1055 2317 1261 2394 deduxerunt,

385 2426 515 2511 Deoque
537 2425 647 2491 multis
669 2425 816 2492 laudibus
840 2426 922 2492 hanc
944 2423 1214 2510 presentaverunt.
1232 2453 1234 2459 ·

467 2743 564 2862 Tota
590 2743 742 2816 trinitas
769 2743 933 2838 suscepit
960 2741 1130 2816 Mariam.

386 2953 475 3018 Tunc
497 2977 516 3018 a
538 2953 655 3018 throno
676 2952 831 3018 trinitatis
854 2973 909 3018 rex
931 2951 990 3016 celi
1011 2947 1200 3036 procedebat
1250 2991 1255 3000 ·

386 3057 423 3123 In
446 3079 608 3123 occursum
633 3057 766 3142 virginis
789 3061 821 3122 et
842 3055 1147 3140 hancsuscipiobat.
1332 3079 1336 3086 ·

387 3163 481 3228 Pater
504 3167 599 3247 atque
620 3153 705 3226 filiu's
728 3161 897 3246 procedens
919 3161 960 3225 ab
983 3164 1127 3246 utroque,

308 3288 359 3326 rm
387 3268 524 3354 Spiritus
547 3267 718 3352 paraclitus
741 3289 760 3332 a
782 3271 872 3352 petre
893 3266 1030 3352 filioque,

386 3373 434 3439 Ac
457 3373 592 3438 Mariam
615 3377 819 3458 susceperunt
841 3373 874 3437 in
897 3371 983 3438 trina
1005 3373 1169 3457 majestate

386 3479 431 3546 nt
453 3501 522 3545 cam
543 3478 781 3544 honoraverunt
802 3499 875 3544 cum
896 3499 1019 3544 summa
1042 3477 1207 3564 dignitate.

551 3797 667 3870 Peter
693 3797 858 3892 suscepit
884 3795 1054 3870 Mariam.

388 4006 483 4072 Pater
504 4008 568 4072 ait:
596 4005 692 4087 »Ara
715 4029 786 4072 mea
807 4006 874 4070 filic
896 4007 1021 4086 dilecta,

386 4109 472 4176 Ante
494 4111 752 4176 constitutionem
777 4111 886 4176 mundi
908 4110 1081 4196 preelecta!

310 4235 360 4273 τωο
387 4215 448 4281 Per
469 4217 768 4300 predestinationem
790 4217 873 4302 elegi
895 4221 927 4282 te
949 4215 1089 4283 divinem

791 4339 809 4378 *

301 4441 368 4498 7897
388 4441 452 4515 lligt
471 4439 498 4496 M
517 4441 587 4498 uach
608 4441 728 4500 Marium
748 4441 820 4500 noch
839 4441 978 4514 virginem
997 4443 1051 4498 ein.
