3072 4936
704 371 746 438 99

146 550 266 631 portat,
283 547 403 613 scilicet
418 547 619 613 dilectionem
634 551 764 631 propter
779 547 973 636 probitatem
989 551 1021 612 et
1037 545 1201 631 pacificam
1216 547 1301 612 inter

145 649 292 717 homines
308 653 589 728 conversationem.
629 651 716 715 Dum
732 657 836 716 autern
854 649 979 715 familia
994 651 1050 715 illa
1064 649 1301 716 Lieberensium

144 755 180 820 in
202 758 299 822 curiis
322 763 404 824 esset
434 759 614 844 principum
646 761 679 822 et
712 757 863 821 comitum
886 757 1006 836 divisa,
1042 756 1170 840 quidam
1203 779 1239 822 ex
1264 780 1301 821 ea

145 862 268 926 curiam
291 864 493 928 dominorum
516 864 554 927 de
576 861 756 926 Hellastein
780 862 972 946 sequebatur
999 862 1033 925 in
1057 862 1174 940 armis,
1209 862 1299 926 miles

145 972 311 1046 strenuus,
342 969 397 1053 qui
420 973 532 1034 erictus
554 967 698 1052 prolibus
721 971 754 1030 et
776 967 897 1030 divitiis
929 967 962 1030 in
993 967 1169 1032 notabilem
1200 969 1301 1032 crevit

145 1071 312 1138 familiam.
358 1071 408 1138 De
431 1097 494 1158 qua
516 1094 598 1138 unus
621 1073 713 1136 annis
736 1070 961 1156 superioribus,
985 1072 1112 1156 quando
1133 1072 1200 1136 filia
1216 1073 1300 1158 regis

146 1177 354 1263 Ungarorum
377 1179 497 1244 tradita
520 1179 584 1243 fuit
614 1178 722 1243 comiti
747 1179 785 1242 de
807 1177 1008 1255 Helfastein,
1041 1180 1110 1242 erat
1131 1178 1300 1262 preelectus

145 1284 241 1347 curiae
257 1287 289 1348 et
304 1285 447 1368 coquinae
462 1285 616 1370 magister
631 1283 664 1346 in
680 1283 913 1366 nuptiis,·quod
930 1281 1024 1346 hodie
1039 1280 1162 1366 antiqui
1178 1285 1299 1346 testan-

144 1391 210 1467 tur,
235 1389 292 1473 qui
315 1389 365 1454 his
388 1389 613 1455 interfuerunt.
661 1387 747 1452 Dum
769 1391 877 1450 autem
906 1386 1077 1451 novissime
1111 1385 1232 1450 domini
1261 1385 1299 1450 de

145 1491 326 1557 Hellastein
351 1494 483 1582 deficere
504 1495 680 1578 inciperent
703 1499 735 1558 et
756 1493 873 1578 passim
900 1493 990 1557 villas
1013 1498 1045 1558 et
1060 1498 1164 1558 castra
1178 1494 1295 1558 castel·

144 1597 241 1681 laque
274 1599 445 1662 venderent
481 1603 513 1663 et
544 1599 816 1684 impignorarent,
847 1598 1112 1682 bicberensesque
1146 1620 1203 1681 pro
1240 1620 1298 1662 suo

144 1705 234 1766 statu
258 1702 456 1767 abundantes
478 1708 599 1783 essent,
631 1702 818 1768 obtulerunt
845 1704 890 1768 eis
913 1703 1045 1768 comites
1067 1703 1244 1768 dominium
1267 1707 1299 1767 et

134 1807 333 1871 ,comitatum
356 1807 394 1871 de
417 1805 609 1887 Helfastein,
632 1813 670 1872 ut
692 1806 741 1872 vel
764 1829 834 1872 euni
857 1830 916 1892 pro
940 1812 1088 1892 prompta
1108 1808 1242 1892 pecunia
1265 1809 1299 1872 in

144 1911 264 1996 pignus
280 1911 465 1994 reciperent,
489 1912 539 1975 vel
555 1933 627 1977 eum
643 1912 788 1977 absolute
803 1916 952 1977 emerent.
998 1912 1077 1978 Oum
1099 1916 1205 1977 autem
1221 1935 1299 1978 neu-

148 2022 235 2081 trum
251 2038 285 2080 se
300 2038 391 2099 posse
406 2017 508 2081 facere
524 2018 673 2096 dicerent,
696 2017 871 2100 postulavit
892 2017 933 2080 ab
949 2017 993 2082 eis
1009 2023 1128 2081 certam
1143 2039 1298 2083 summam

145 2121 340 2186 florenorum
355 2121 416 2184 sibi
432 2123 568 2186 concedi.
594 2127 626 2186 et
641 2123 716 2186 dum
734 2145 835 2205 neque
850 2121 910 2185 hoc
926 2121 1029 2186 facere
1046 2121 1173 2200 vellent,
1197 2123 1298 2187 iratus

145 2247 251 2292 comes
273 2225 356 2310 cepit
378 2226 585 2311 principalem
610 2235 762 2292 rectorem
786 2229 885 2292 totius
909 2225 1039 2292 familioe
1062 2228 1149 2291 etin
1172 2225 1298 2291 vincula

145 2330 292 2409 coniecit,
316 2330 372 2397 ubi
394 2332 596 2417 angustiatus
611 2333 745 2416 pecunia
760 2355 794 2398 se
809 2333 942 2397 redemit
964 2337 1085 2398 etcum
1101 2332 1188 2396 omni
1204 2332 1298 2397 domo

144 2435 179 2500 in
203 2435 371 2520 Eslingam
401 2437 633 2522 commigravit.
680 2437 758 2504 Post
786 2443 911 2522 tempus
944 2437 1140 2502 domicilium
1171 2438 1206 2501 in
1229 2437 1298 2502 Au-

143 2545 274 2626 gustam
296 2541 472 2619 transtulit,
496 2541 551 2605 ubi
574 2542 650 2606 dum
673 2543 811 2628 quadum
833 2543 901 2607 rice
923 2542 1060 2608 oriretur
1075 2542 1189 2607 seditio
1212 2542 1298 2608 inter

143 2645 239 2724 cives,
262 2645 356 2710 multi
372 2633 508 2711 'civitate
530 2645 727 2732 Augustensi
751 2648 902 2714 derelicta
923 2649 1003 2712 alias
1026 2646 1088 2712 sibi
1104 2647 1192 2712 sedes
1207 2669 1296 2733 quse-

143 2752 283 2831 aierunt,
316 2751 400 2816 inter
423 2774 502 2836 quos
523 2753 725 2818 Lieberenses
750 2753 878 2819 Ulmam
901 2776 935 2817 ao
957 2753 1209 2831 transtulerunt,
1241 2753 1297 2816 ubi

143 2857 288 2922 concives
310 2855 464 2920 nobilium
489 2857 566 2921 facti
589 2857 683 2922 hodie
713 2857 904 2936 honoribus,
937 2858 1058 2922 divitiis
1090 2862 1122 2923 et
1152 2857 1227 2921 filiis
1260 2879 1297 2921 ac

143 2961 255 3026 amicis
278 2965 354 3026 sunt
375 2961 482 3026 felices
505 2967 538 3026 et
560 2962 733 3047 singularis
758 2963 954 3028 maturitatis
978 2969 1011 3027 et
1025 2963 1196 3048 probitatis
1219 2967 1296 3026 sunt

143 3067 270 3132 famosi.

635 3241 791 3309 ,Reml

234 3381 437 3448 Remensium
460 3382 585 3448 familia
607 3384 735 3447 numine
764 3387 797 3448 et
825 3386 992 3447 stemmate
1022 3380 1155 3465 antiquo
1178 3379 1296 3444 nobili·
1388 3442 1392 3448 .

143 3487 223 3554 tatis
247 3489 377 3573 praefert
399 3489 558 3574 insignis:
581 3489 732 3554 aestimari
756 3489 840 3554 enim
863 3491 968 3572 potest
984 3485 1100 3552 Remos
1115 3486 1296 3550 nominatos

143 3616 164 3658 a
187 3591 288 3658 Remo
310 3594 411 3658 fratre
431 3593 577 3674 Romuli,
612 3594 667 3679 qui
690 3593 821 3659 fixerunt
849 3591 1038 3658 nobilissimi
1068 3591 1156 3656 urbis
1179 3590 1295 3654 funda-

142 3703 248 3776 tores,
273 3698 430 3783 aquibus
459 3697 526 3763 baec
549 3698 673 3763 familia
701 3698 742 3762 ob
772 3697 911 3782 aliquem
933 3697 1092 3782 insignem
1115 3699 1221 3760 actum
1244 3692 1296 3758 vel

142 3803 185 3868 ob
214 3803 354 3888 aliquam
387 3803 484 3867 aliam
515 3825 643 3868 causum
672 3825 730 3867 nos
763 3803 916 3867 latentem
946 3823 1061 3866 nomen
1092 3799 1207 3864 sortita
1235 3803 1294 3864 est.

143 3906 205 3973 Vel
228 3908 311 3974 forte
333 3911 439 3974 ortum
461 3908 582 3973 habent
604 3907 746 3974 aRemis
762 3907 874 3990 belgis,
897 3905 1135 3970 habitatoribus
1153 3903 1294 3969 civitatis

145 4012 336 4078 Remensis⁸
366 4015 451 4079 inter
474 4014 590 4098 Belgas
613 4017 646 4078 et
668 4013 775 4077 Oeltas
796 4013 881 4090 sitae,
913 4015 945 4076 et
974 4010 1048 4074 inde
1075 4009 1230 4074 transfusi
1261 4009 1293 4072 in

142 4118 291 4183 Sueviam
325 4118 358 4182 in
392 4117 542 4204 Augusta
571 4118 700 4183 civitate
732 4117 794 4182 sibi
828 4117 916 4182 sedes
950 4119 1154 4200 aeceperunt,
1186 4113 1295 4197 ibique

142 4223 351 4308 multiplicati
373 4223 406 4286 in
428 4223 553 4288 diversa
575 4222 645 4288 loca
672 4225 749 4286 sunt
770 4220 874 4286 divisi.
906 4243 1042 4305 quorum
1071 4219 1201 4304 quidam
1235 4215 1294 4282 Ul-

709 4351 726 4388 ᾳ

215 4451 228 4500 l
249 4447 290 4502 Da
310 4447 491 4503 Remensibns
510 4448 584 4504 Besa.
654 4447 734 4514 uso,
754 4447 811 4501 und
831 4447 902 4502 auch
921 4445 1009 4510 Remi,
1028 4443 1109 4499 beisst
1129 4441 1249 4498 Rheirns.
