3060 4936
780 373 842 441 182

238 550 361 618 suevis.
407 549 665 618 convolaverunt
687 553 793 613 autem
816 547 855 612 ed
879 569 931 612 eas
955 547 1063 613 multae
1085 548 1208 614 devotae
1231 549 1390 615 nobilium

235 659 311 724 filiae
333 662 366 723 et
387 657 504 722 civium
526 656 565 720 de
586 653 702 734 Ulma,
727 654 862 719 Bibraeo
885 658 917 719 et
940 654 1010 718 aliis
1033 653 1126 734 lucie,
1149 654 1319 742 factusque
1343 661 1391 722 est

237 763 435 828 honorabilis
458 767 491 828 et
513 761 653 826 famosus
676 764 857 826 conventus.
905 759 994 825 Obiit
1017 765 1124 826 autem
1146 761 1232 828 diets
1255 785 1389 828 venera·

131 854 309 935 midioebilis
332 869 461 934 domina
483 888 568 933 anno
594 866 712 931 domini
731 867 824 946 1480,
849 887 899 930 me
922 867 1077 932 existente
1098 867 1132 931 in
1156 867 1316 933 dominico
1339 891 1390 934 se-

236 975 346 1060 pulcro
377 975 411 1038 in
440 971 627 1038 Jerusalem.
665 971 754 1036 euius
786 973 947 1037 decessum
979 992 1051 1037 oum
1081 973 1290 1054 audivissem,
1324 997 1390 1040 non

235 1081 360 1146 modica
392 1079 526 1143 tristitia
556 1082 588 1142 et
616 1099 752 1142 moerore
775 1077 905 1142 affectus
929 1077 992 1156 fui,
1025 1077 1101 1162 quia
1123 1077 1229 1144 fuerat
1251 1080 1333 1144 mihi
1356 1081 1389 1144 in

237 1185 365 1250 domino
387 1182 655 1262 familiarissima,
685 1187 796 1267 utpote
819 1183 995 1267 spiritualis
1025 1185 1237 1249 meteretis
1260 1184 1389 1250 Christo

236 1290 313 1355 filis.
360 1288 457 1354 Cuius
488 1288 610 1354 meritis
632 1288 718 1352 haud
748 1288 880 1353 dubium
905 1289 1026 1354 factum
1055 1293 1118 1369 est,
1151 1294 1187 1354 ut
1217 1295 1291 1375 post
1319 1313 1390 1356 eam

238 1395 338 1461 electa
360 1397 403 1460 sit
432 1395 588 1459 imitatrix
619 1394 691 1458 vitae
714 1398 746 1458 et
776 1415 902 1459 morum
923 1393 1033 1480 Agnes
1057 1393 1201 1460 Sutterin
1217 1396 1245 1475 ¹,
1275 1397 1391 1461 mulier

239 1501 350 1588 utique
372 1501 522 1590 religiosa
555 1503 587 1564 et
610 1500 686 1564 adeo
718 1499 831 1566 similis
862 1495 1041 1580 defunotae,
1075 1506 1198 1566 utnon
1228 1500 1324 1566 facile
1347 1503 1391 1566 sit

240 1607 416 1672 discernere
430 1607 513 1670 inter
538 1605 796 1689 praedeoessorem
812 1610 844 1670 et
859 1604 1110 1691 subsequentem.
1149 1604 1264 1692 Sisque
1278 1629 1391 1672 mona-

239 1712 371 1777 sterium
401 1711 461 1776 hoc
493 1731 592 1795 nsque
617 1709 712 1774 hodie
734 1710 795 1776 Dei
829 1711 936 1794 gratia
966 1710 1093 1796 proficit
1124 1712 1337 1797 spiritualiter
1360 1717 1392 1777 et

239 1817 468 1903 temporaliter,
492 1820 525 1881 et
546 1819 594 1880 est
609 1816 814 1881 commutatio
838 1816 922 1881 bonu
937 1817 1023 1882 iacta
1046 1816 1086 1881 ad
1108 1817 1216 1901 priora
1231 1822 1387 1903 tempora.

140 1912 226 1992 wilt.
328 1921 461 2008 Opinari
477 1943 552 1987 sane
567 1926 672 2006 potest
687 1923 763 1987 olim
779 1923 812 1986 in
828 1923 886 1988 illo
910 1924 977 1988 loeo
992 1923 1091 1989 fuisse
1112 1945 1237 1988 sacrum
1253 1923 1389 1990 Orehai·

238 2028 315 2093 dum
329 2026 563 2113 Nympharum,
579 2027 708 2092 dearum
723 2028 891 2108 montium,
907 2029 956 2093 vel
974 2028 1138 2113 Dryadum
1153 2028 1388 2114 Nympharum,

238 2133 391 2200 silvarum
407 2133 584 2210 numinum,
609 2133 684 2217 quia
698 2132 786 2197 loeus
802 2132 887 2197 altus
910 2137 942 2197 et
958 2133 1092 2198 silvosus
1115 2135 1181 2198 sive
1205 2155 1391 2198 nemorosus

239 2242 304 2318 est,
339 2261 434 2324 quem
456 2237 661 2322 antiquorum
689 2237 815 2302 insania
846 2237 897 2302 his
920 2237 1104 2304 numinibus
1127 2239 1311 2303 dedicatum
1333 2261 1390 2304 ne·

239 2366 399 2429 quaquam
422 2341 561 2422 dimisit,
585 2343 749 2427 supposito
779 2343 863 2427 quod
885 2343 920 2407 in
941 2341 998 2408 illo
1020 2343 1090 2410 loeo
1112 2343 1233 2430 illaque
1259 2345 1392 2431 regione

239 2452 316 2514 tuno
338 2449 460 2514 fuerint
483 2449 596 2514 ineolae
618 2449 773 2513 homines.

133 2640 240 2731 “iiiiii
761 2660 828 2731 Gap.
847 2661 872 2716 9.

141 2733 175 2767 Fr.
186 2733 226 2766 m.

133 2776 297 2850 U¹¹²²'¹⁰⁴'De
318 2784 595 2850 monasteriis
619 2785 664 2849 ad
686 2785 854 2871 plagam
871 2787 1172 2853 occidentalem
1194 2787 1393 2853 civitatis

382 2891 594 2956 ulmensis
617 2890 815 2957 situatis.
861 2889 1243 2978 DeUrspringen'.

325 3013 526 3100 Urspringen
553 3014 712 3098 quondam
729 3013 988 3100 Hamadryadum
1012 3014 1152 3079 fontium
1166 3012 1394 3099 Nympharum

239 3142 381 3199 sacrum,
415 3123 525 3203 postea
548 3119 702 3202 religione
725 3120 899 3185 christiana
921 3125 1080 3186 crescente
1107 3125 1217 3185 sancto
1240 3118 1394 3186 Udalrioo

240 3231 272 3290 et
294 3225 442 3310 praecelso
466 3225 567 3289 monti
592 3222 709 3290 Oliveti
733 3226 919 3290 dedicatum.
966 3224 1066 3290 Porro
1101 3229 1173 3310 post
1200 3225 1267 3290 divi
1292 3226 1396 3291 Bene·

240 3332 316 3395 dicti
339 3331 459 3395 ordinis
481 3329 718 3394 institutionem
753 3330 882 3394 durnin
914 3332 1107 3396 monasterio
1137 3333 1239 3396 saneti
1263 3330 1395 3418 Georgii

240 3437 274 3500 in
306 3434 477 3500 Bacuenis⁸
509 3435 590 3498 silva
621 3433 793 3519 singularis
828 3435 949 3520 vigeret
983 3437 1114 3521 religio,
1148 3437 1272 3502 nobiles
1300 3437 1396 3522 longe

241 3541 367 3626 lateque
397 3563 453 3624 per
475 3540 675 3604 Alemanibm
698 3539 868 3605 fundantes
889 3541 1076 3606 monialium
1108 3542 1303 3606 monasteria
1327 3543 1397 3627 ipsa

240 3649 278 3709 ut
300 3647 396 3710 etiam
413 3651 517 3710 essent
540 3645 598 3709 sub
620 3645 735 3710 abbate
758 3647 859 3709 sancti
878 3645 1006 3731 Georgii
1030 3647 1252 3730 procurabant.
1300 3645 1396 3712 Unde
1489 3655 1494 3668 '

240 3773 341 3835 usque
372 3751 466 3815 hodie
505 3751 587 3813 idem
620 3749 718 3814 abbas
750 3751 914 3833 providere
945 3749 1043 3814 babet
1072 3751 1182 3814 multis
1205 3752 1395 3816 monialium

241 3855 441 3920 monasteriis
464 3878 529 3920 non
550 3855 652 3920 solum
676 3855 710 3918 in
734 3853 856 3934 Suevia,
881 3857 932 3920 sed
955 3857 991 3920 in
1006 3855 1213 3941 Westrangia
1229 3855 1252 3935 ⁴,
1278 3855 1393 3934 Gallia,

241 3959 366 4024 Alsatia
389 3963 421 4026 et
437 3959 606 4045 Brisgauia
618 3959 640 4024 ⁵.
687 3957 793 4044 igitur
808 3982 893 4082 ¹prmo
916 3961 1036 4026 domini
1055 3961 1162 4026 1127⁶
1186 3983 1272 4026 anno
1289 3964 1396 4046 primo

312 4122 476 4178 lSuitterin
490 4123 576 4180 Wibl.
613 4123 739 4178 Sutterin
754 4123 844 4182 Schm.
896 4123 1039 4179 trituratis
1054 4124 1190 4196 sequitur.
1219 4125 1396 4197 Urspringen

239 4209 300 4266 Sob.
319 4209 363 4265 Kl.
402 4211 594 4280 ..Urspring
611 4211 698 4265 Wibl.
719 4211 809 4266 Schm.
864 4211 1130 4268 3Georiibierund
1145 4213 1268 4270 nashher
1283 4214 1356 4270 Mon.
1371 4217 1395 4268 1.

240 4297 384 4352 Baceensis
403 4297 476 4352 silva
495 4297 579 4351 Wibl.
604 4299 684 4352 nicht
703 4299 801 4364 Sehm,
821 4300 847 4353 S.
866 4317 885 4355 s.
907 4300 965 4356 162.
1045 4305 1062 4354 4
1081 4301 1255 4371 Nestrsngia
1273 4301 1335 4356 Sub.
1350 4301 1393 4355 Kl.

241 4383 444 4454 5Prisgauuia
463 4384 552 4438 Schm.
589 4383 756 4455 Prisgaudis
781 4385 842 4441 Soh.
865 4385 908 4442 Kl.
946 4387 1192 4457 BrisgaviaWibl.
1225 4387 1397 4458 Brisgsudis

241 4469 315 4526 Mon.
337 4475 359 4527 l.
397 4471 477 4527 Gold.
496 4474 536 4526 ut.
608 4474 624 4529 6
645 4475 711 4529 1127
731 4473 822 4528 haben
844 4473 908 4539 alle,
927 4475 995 4530 aber
1014 4474 1164 4546 unrichtig,
1183 4479 1257 4532 statt
1278 4479 1354 4533 1125.
