<?xml version="1.0" encoding="UTF-8"?>
<!DOCTYPE html PUBLIC "-//W3C//DTD XHTML 1.0 Transitional//EN"
    "http://www.w3.org/TR/xhtml1/DTD/xhtml1-transitional.dtd">
<html xmlns="http://www.w3.org/1999/xhtml" xml:lang="en" lang="en">
 <head>
  <title>
</title>
<meta http-equiv="Content-Type" content="text/html;charset=utf-8" />
  <meta name='ocr-system' content='tesseract 3.04.00' />
  <meta name='ocr-capabilities' content='ocr_page ocr_carea ocr_par ocr_line ocrx_word'/>
</head>
<body>
  <div class='ocr_page' id='page_1' title='image "./vitabeatevirgin01vggoog_0278.png"; bbox 0 0 3026 4934; ppageno 0'>
   <div class='ocr_carea' id='block_1_1' title="bbox 777 339 842 409">
    <p class='ocr_par' dir='ltr' id='par_1_1' title="bbox 777 339 842 409">
     <span class='ocr_line' id='line_1_1' title="bbox 777 339 842 409; baseline 0.031 -2"><span class='ocrx_word' id='word_1_1' title='bbox 777 339 842 409; x_wconf 81' lang='lat'><strong>270</strong></span> 
     </span>
    </p>
   </div>
   <div class='ocr_carea' id='block_1_2' title="bbox 171 513 1381 1984">
    <p class='ocr_par' dir='ltr' id='par_1_2' title="bbox 236 513 684 585">
     <span class='ocr_line' id='line_1_2' title="bbox 236 513 684 585; baseline 0.007 -16"><span class='ocrx_word' id='word_1_2' title='bbox 236 513 307 570; x_wconf 87' lang='lat' dir='ltr'><strong>Item</strong></span> <span class='ocrx_word' id='word_1_3' title='bbox 326 513 361 570; x_wconf 91' lang='lat' dir='ltr'><strong>de</strong></span> <span class='ocrx_word' id='word_1_4' title='bbox 379 515 518 585; x_wconf 70' lang='lat' dir='ltr'>responsis</span> <span class='ocrx_word' id='word_1_5' title='bbox 536 515 624 572; x_wconf 84' lang='lat' dir='ltr'><strong>Mario</strong></span> <span class='ocrx_word' id='word_1_6' title='bbox 642 518 684 573; x_wconf 79' lang='grc'><strong>47.</strong></span> 
     </span>
    </p>

    <p class='ocr_par' dir='ltr' id='par_1_3' title="bbox 234 601 1289 672">
     <span class='ocr_line' id='line_1_3' title="bbox 234 601 1289 672; baseline 0 -16"><span class='ocrx_word' id='word_1_7' title='bbox 234 601 310 668; x_wconf 79' lang='lat' dir='ltr'><strong>Quod</strong></span> <span class='ocrx_word' id='word_1_8' title='bbox 331 601 486 658; x_wconf 70' lang='lat' dir='ltr'><strong>sacerdotes</strong></span> <span class='ocrx_word' id='word_1_9' title='bbox 504 603 673 658; x_wconf 88' lang='lat' dir='ltr'><strong>invenerunt</strong></span> <span class='ocrx_word' id='word_1_10' title='bbox 690 603 836 660; x_wconf 89' lang='lat' dir='ltr'><strong>consilium</strong></span> <span class='ocrx_word' id='word_1_11' title='bbox 854 603 922 672; x_wconf 89' lang='lat' dir='ltr'><strong>quid</strong></span> <span class='ocrx_word' id='word_1_12' title='bbox 940 603 1065 659; x_wconf 84' lang='lat' dir='ltr'><strong>facerent</strong></span> <span class='ocrx_word' id='word_1_13' title='bbox 1083 604 1118 660; x_wconf 90' lang='lat' dir='ltr'><strong>de</strong></span> <span class='ocrx_word' id='word_1_14' title='bbox 1138 603 1229 660; x_wconf 83' lang='lat' dir='ltr'><strong>Marte</strong></span> <span class='ocrx_word' id='word_1_15' title='bbox 1246 606 1289 658; x_wconf 86' lang='grc'><strong>43.</strong></span> 
     </span>
    </p>

    <p class='ocr_par' dir='ltr' id='par_1_4' title="bbox 233 689 964 761">
     <span class='ocr_line' id='line_1_4' title="bbox 233 689 964 761; baseline 0 -17"><span class='ocrx_word' id='word_1_16' title='bbox 233 689 273 745; x_wconf 86' lang='grc'><strong>96</strong></span> <span class='ocrx_word' id='word_1_17' title='bbox 292 690 379 746; x_wconf 86' lang='lat' dir='ltr'><strong>Judeo</strong></span> <span class='ocrx_word' id='word_1_18' title='bbox 397 691 444 760; x_wconf 89' lang='lat' dir='ltr'><strong>qui</strong></span> <span class='ocrx_word' id='word_1_19' title='bbox 464 691 602 759; x_wconf 76' lang='lat' dir='ltr'>allegavit</span> <span class='ocrx_word' id='word_1_20' title='bbox 620 709 670 761; x_wconf 89' lang='lat' dir='ltr'><strong>pro</strong></span> <span class='ocrx_word' id='word_1_21' title='bbox 689 690 774 744; x_wconf 87' lang='lat' dir='ltr'><strong>beata</strong></span> <span class='ocrx_word' id='word_1_22' title='bbox 793 689 901 758; x_wconf 76' lang='lat' dir='ltr'><strong>virgine</strong></span> <span class='ocrx_word' id='word_1_23' title='bbox 921 691 964 744; x_wconf 86' lang='grc'><strong>43.</strong></span> 
     </span>
    </p>

    <p class='ocr_par' dir='ltr' id='par_1_5' title="bbox 235 776 1186 849">
     <span class='ocr_line' id='line_1_5' title="bbox 235 776 1186 849; baseline -0.001 -14"><span class='ocrx_word' id='word_1_24' title='bbox 235 777 311 844; x_wconf 78' lang='lat' dir='ltr'><strong>Quod</strong></span> <span class='ocrx_word' id='word_1_25' title='bbox 332 776 487 833; x_wconf 83' lang='lat' dir='ltr'><strong>secerdotes</strong></span> <span class='ocrx_word' id='word_1_26' title='bbox 505 779 666 832; x_wconf 89' lang='lat' dir='ltr'><strong>statuerunt</strong></span> <span class='ocrx_word' id='word_1_27' title='bbox 684 777 819 833; x_wconf 90' lang='lat' dir='ltr'><strong>ieiunium</strong></span> <span class='ocrx_word' id='word_1_28' title='bbox 838 796 888 849; x_wconf 88' lang='lat' dir='ltr'><strong>pro</strong></span> <span class='ocrx_word' id='word_1_29' title='bbox 907 778 1017 848; x_wconf 80' lang='lat' dir='ltr'><strong>virgine</strong></span> <span class='ocrx_word' id='word_1_30' title='bbox 1035 779 1127 836; x_wconf 84' lang='lat' dir='ltr'><strong>Maria</strong></span> <span class='ocrx_word' id='word_1_31' title='bbox 1143 783 1186 836; x_wconf 91' lang='grc'><strong>44.</strong></span> 
     </span>
    </p>

    <p class='ocr_par' dir='ltr' id='par_1_6' title="bbox 232 863 1377 1023">
     <span class='ocr_line' id='line_1_6' title="bbox 232 863 1377 938; baseline 0.002 -17"><span class='ocrx_word' id='word_1_32' title='bbox 232 867 272 921; x_wconf 92' lang='grc'><strong>96</strong></span> <span class='ocrx_word' id='word_1_33' title='bbox 291 881 427 934; x_wconf 87' lang='lat' dir='ltr'><strong>voceque</strong></span> <span class='ocrx_word' id='word_1_34' title='bbox 445 865 530 919; x_wconf 85' lang='lat' dir='ltr'><strong>tiebat</strong></span> <span class='ocrx_word' id='word_1_35' title='bbox 548 863 578 918; x_wconf 86' lang='lat' dir='ltr'><strong>iu</strong></span> <span class='ocrx_word' id='word_1_36' title='bbox 596 865 702 936; x_wconf 87' lang='lat' dir='ltr'><strong>templo</strong></span> <span class='ocrx_word' id='word_1_37' title='bbox 720 865 867 922; x_wconf 85' lang='lat' dir='ltr'><strong>ostendens</strong></span> <span class='ocrx_word' id='word_1_38' title='bbox 886 866 948 935; x_wconf 82' lang='lat' dir='ltr'><strong>quic</strong></span> <span class='ocrx_word' id='word_1_39' title='bbox 966 866 1068 936; x_wconf 81' lang='lat' dir='ltr'><strong>dignus</strong></span> <span class='ocrx_word' id='word_1_40' title='bbox 1088 869 1160 923; x_wconf 83' lang='lat' dir='ltr'><strong>esset</strong></span> <span class='ocrx_word' id='word_1_41' title='bbox 1177 867 1306 938; x_wconf 79' lang='lat' dir='ltr'><strong>coniugio</strong></span> <span class='ocrx_word' id='word_1_42' title='bbox 1320 868 1377 924; x_wconf 90' lang='lat' dir='ltr'><strong>vir·</strong></span> 
     </span>
     <span class='ocr_line' id='line_1_7' title="bbox 305 951 546 1023; baseline -0.008 -16"><span class='ocrx_word' id='word_1_43' title='bbox 305 951 379 1023; x_wconf 77' lang='lat' dir='ltr'><strong>ginis</strong></span> <span class='ocrx_word' id='word_1_44' title='bbox 398 951 486 1006; x_wconf 86' lang='lat' dir='ltr'><strong>Merie</strong></span> <span class='ocrx_word' id='word_1_45' title='bbox 504 953 546 1006; x_wconf 91' lang='grc'><strong>44.</strong></span> 
     </span>
    </p>

    <p class='ocr_par' dir='ltr' id='par_1_7' title="bbox 233 1039 931 1112">
     <span class='ocr_line' id='line_1_8' title="bbox 233 1039 931 1112; baseline 0.003 -18"><span class='ocrx_word' id='word_1_46' title='bbox 233 1041 273 1096; x_wconf 85' lang='grc'><strong>96</strong></span> <span class='ocrx_word' id='word_1_47' title='bbox 290 1039 530 1096; x_wconf 69' lang='lat' dir='ltr'><strong>commendatione</strong></span> <span class='ocrx_word' id='word_1_48' title='bbox 549 1039 650 1110; x_wconf 85' lang='lat' dir='ltr'><strong>Joseph</strong></span> <span class='ocrx_word' id='word_1_49' title='bbox 669 1041 763 1112; x_wconf 88' lang='lat' dir='ltr'><strong>sponsi</strong></span> <span class='ocrx_word' id='word_1_50' title='bbox 782 1039 870 1096; x_wconf 78' lang='lat' dir='ltr'><strong>Mario</strong></span> <span class='ocrx_word' id='word_1_51' title='bbox 888 1042 931 1096; x_wconf 85' lang='lat'><strong>45.</strong></span> 
     </span>
    </p>

    <p class='ocr_par' dir='ltr' id='par_1_8' title="bbox 232 1127 1227 1200">
     <span class='ocr_line' id='line_1_9' title="bbox 232 1127 1227 1200; baseline 0.004 -17"><span class='ocrx_word' id='word_1_52' title='bbox 232 1127 309 1194; x_wconf 83' lang='lat' dir='ltr'><strong>Quod</strong></span> <span class='ocrx_word' id='word_1_53' title='bbox 327 1127 427 1196; x_wconf 87' lang='lat' dir='ltr'><strong>Joeeph</strong></span> <span class='ocrx_word' id='word_1_54' title='bbox 447 1127 526 1182; x_wconf 87' lang='lat' dir='ltr'><strong>venit</strong></span> <span class='ocrx_word' id='word_1_55' title='bbox 545 1127 581 1182; x_wconf 87' lang='lat' dir='ltr'><strong>ad</strong></span> <span class='ocrx_word' id='word_1_56' title='bbox 601 1128 739 1198; x_wconf 88' lang='lat' dir='ltr'><strong>templum</strong></span> <span class='ocrx_word' id='word_1_57' title='bbox 756 1130 786 1183; x_wconf 90' lang='lat' dir='ltr'><strong>et</strong></span> <span class='ocrx_word' id='word_1_58' title='bbox 802 1127 877 1198; x_wconf 88' lang='lat' dir='ltr'><strong>quod</strong></span> <span class='ocrx_word' id='word_1_59' title='bbox 894 1128 977 1200; x_wconf 78' lang='lat' dir='ltr'><strong>virga</strong></span> <span class='ocrx_word' id='word_1_60' title='bbox 995 1128 1054 1185; x_wconf 91' lang='lat' dir='ltr'><strong>eius</strong></span> <span class='ocrx_word' id='word_1_61' title='bbox 1072 1130 1167 1188; x_wconf 84' lang='lat' dir='ltr'><strong>floruit</strong></span> <span class='ocrx_word' id='word_1_62' title='bbox 1183 1132 1227 1187; x_wconf 91' lang='grc'><strong>47.</strong></span> 
     </span>
    </p>

    <p class='ocr_par' dir='ltr' id='par_1_9' title="bbox 171 1213 1381 1294">
     <span class='ocr_line' id='line_1_10' title="bbox 171 1213 1381 1294; baseline 0.002 -25"><span class='ocrx_word' id='word_1_63' title='bbox 171 1283 175 1294; x_wconf 90' lang='lat'>.</span> <span class='ocrx_word' id='word_1_64' title='bbox 234 1215 313 1281; x_wconf 84' lang='lat' dir='ltr'><strong>Quod</strong></span> <span class='ocrx_word' id='word_1_65' title='bbox 327 1213 534 1270; x_wconf 86' lang='lat' dir='ltr'><strong>mandaverunt</strong></span> <span class='ocrx_word' id='word_1_66' title='bbox 547 1215 812 1286; x_wconf 84' lang='lat' dir='ltr'><strong>sacerdotee&#39;Joaeph</strong></span> <span class='ocrx_word' id='word_1_67' title='bbox 826 1217 858 1270; x_wconf 89' lang='lat' dir='ltr'><strong>ut</strong></span> <span class='ocrx_word' id='word_1_68' title='bbox 868 1217 987 1272; x_wconf 82' lang='lat' dir='ltr'><strong>Mariam</strong></span> <span class='ocrx_word' id='word_1_69' title='bbox 999 1216 1029 1271; x_wconf 91' lang='lat' dir='ltr'><strong>in</strong></span> <span class='ocrx_word' id='word_1_70' title='bbox 1041 1218 1186 1288; x_wconf 80' lang='lat' dir='ltr'><strong>coniugem</strong></span> <span class='ocrx_word' id='word_1_71' title='bbox 1204 1217 1319 1273; x_wconf 86' lang='lat' dir='ltr'><strong>duceret</strong></span> <span class='ocrx_word' id='word_1_72' title='bbox 1337 1218 1381 1272; x_wconf 90' lang='grc'><strong>48.</strong></span> 
     </span>
    </p>

    <p class='ocr_par' dir='ltr' id='par_1_10' title="bbox 234 1301 1280 1372">
     <span class='ocr_line' id='line_1_11' title="bbox 234 1301 1280 1372; baseline -0.003 -14"><span class='ocrx_word' id='word_1_73' title='bbox 234 1305 272 1358; x_wconf 87' lang='grc'><strong>96</strong></span> <span class='ocrx_word' id='word_1_74' title='bbox 289 1301 415 1358; x_wconf 89' lang='lat' dir='ltr'><strong>oratione</strong></span> <span class='ocrx_word' id='word_1_75' title='bbox 433 1301 535 1372; x_wconf 84' lang='lat' dir='ltr'><strong>Joseph</strong></span> <span class='ocrx_word' id='word_1_76' title='bbox 553 1319 616 1356; x_wconf 86' lang='lat' dir='ltr'><strong>cum</strong></span> <span class='ocrx_word' id='word_1_77' title='bbox 634 1304 780 1372; x_wconf 81' lang='lat' dir='ltr'><strong>cogeretur</strong></span> <span class='ocrx_word' id='word_1_78' title='bbox 800 1301 921 1358; x_wconf 79' lang='lat' dir='ltr'><strong>Mariam</strong></span> <span class='ocrx_word' id='word_1_79' title='bbox 939 1303 1041 1358; x_wconf 83' lang='lat' dir='ltr'><strong>ducere</strong></span> <span class='ocrx_word' id='word_1_80' title='bbox 1058 1303 1088 1358; x_wconf 91' lang='lat' dir='ltr'><strong>in</strong></span> <span class='ocrx_word' id='word_1_81' title='bbox 1107 1319 1220 1360; x_wconf 85' lang='lat' dir='ltr'><strong>uxorem</strong></span> <span class='ocrx_word' id='word_1_82' title='bbox 1237 1304 1280 1358; x_wconf 82' lang='lat'><strong>49.</strong></span> 
     </span>
    </p>

    <p class='ocr_par' dir='ltr' id='par_1_11' title="bbox 232 1385 1376 1533">
     <span class='ocr_line' id='line_1_12' title="bbox 232 1385 1376 1460; baseline 0.003 -16"><span class='ocrx_word' id='word_1_83' title='bbox 232 1389 310 1456; x_wconf 79' lang='lat' dir='ltr'><strong>Quod</strong></span> <span class='ocrx_word' id='word_1_84' title='bbox 327 1389 444 1460; x_wconf 80' lang='lat' dir='ltr'><strong>angelus</strong></span> <span class='ocrx_word' id='word_1_85' title='bbox 462 1389 640 1446; x_wconf 75' lang='lat' dir='ltr'><strong>confortabat</strong></span> <span class='ocrx_word' id='word_1_86' title='bbox 658 1385 760 1460; x_wconf 84' lang='lat' dir='ltr'><strong>Joseph</strong></span> <span class='ocrx_word' id='word_1_87' title='bbox 778 1390 808 1444; x_wconf 89' lang='lat' dir='ltr'><strong>et</strong></span> <span class='ocrx_word' id='word_1_88' title='bbox 824 1389 993 1446; x_wconf 87' lang='lat' dir='ltr'><strong>hortabatur</strong></span> <span class='ocrx_word' id='word_1_89' title='bbox 1004 1390 1124 1445; x_wconf 85' lang='lat' dir='ltr'><strong>Mariam</strong></span> <span class='ocrx_word' id='word_1_90' title='bbox 1140 1389 1241 1446; x_wconf 86' lang='lat' dir='ltr'><strong>ducere</strong></span> <span class='ocrx_word' id='word_1_91' title='bbox 1257 1389 1288 1446; x_wconf 92' lang='lat' dir='ltr'><strong>in</strong></span> <span class='ocrx_word' id='word_1_92' title='bbox 1307 1408 1376 1448; x_wconf 84' lang='lat' dir='ltr'><strong>uxo-</strong></span> 
     </span>
     <span class='ocr_line' id='line_1_13' title="bbox 302 1479 422 1533; baseline -0.008 0"><span class='ocrx_word' id='word_1_93' title='bbox 302 1494 361 1533; x_wconf 88' lang='lat' dir='ltr'><strong>rem</strong></span> <span class='ocrx_word' id='word_1_94' title='bbox 379 1479 422 1532; x_wconf 90' lang='grc'><strong>49.</strong></span> 
     </span>
    </p>

    <p class='ocr_par' dir='ltr' id='par_1_12' title="bbox 232 1564 1377 1637">
     <span class='ocr_line' id='line_1_14' title="bbox 232 1564 1377 1637; baseline -0.001 -17"><span class='ocrx_word' id='word_1_95' title='bbox 232 1565 272 1621; x_wconf 90' lang='grc'><strong>96</strong></span> <span class='ocrx_word' id='word_1_96' title='bbox 290 1565 417 1621; x_wconf 89' lang='lat' dir='ltr'><strong>oratione</strong></span> <span class='ocrx_word' id='word_1_97' title='bbox 429 1564 517 1622; x_wconf 79' lang='lat' dir='ltr'><strong>Marte</strong></span> <span class='ocrx_word' id='word_1_98' title='bbox 529 1564 647 1636; x_wconf 75' lang='lat' dir='ltr'><strong>virginis</strong></span> <span class='ocrx_word' id='word_1_99' title='bbox 658 1582 721 1620; x_wconf 89' lang='lat' dir='ltr'><strong>cum</strong></span> <span class='ocrx_word' id='word_1_100' title='bbox 739 1566 885 1635; x_wconf 74' lang='lat' dir='ltr'><strong>cogeretur</strong></span> <span class='ocrx_word' id='word_1_101' title='bbox 897 1564 1000 1635; x_wconf 87' lang='lat' dir='ltr'><strong>Joseph</strong></span> <span class='ocrx_word' id='word_1_102' title='bbox 1019 1565 1119 1622; x_wconf 87' lang='lat' dir='ltr'><strong>ducere</strong></span> <span class='ocrx_word' id='word_1_103' title='bbox 1134 1565 1165 1621; x_wconf 90' lang='lat' dir='ltr'><strong>in</strong></span> <span class='ocrx_word' id='word_1_104' title='bbox 1183 1581 1315 1637; x_wconf 85' lang='lat' dir='ltr'><strong>sponsam</strong></span> <span class='ocrx_word' id='word_1_105' title='bbox 1334 1565 1377 1620; x_wconf 87' lang='grc'><strong>50.</strong></span> 
     </span>
    </p>

    <p class='ocr_par' dir='ltr' id='par_1_13' title="bbox 232 1652 863 1722">
     <span class='ocr_line' id='line_1_15' title="bbox 232 1652 863 1722; baseline 0 -16"><span class='ocrx_word' id='word_1_106' title='bbox 232 1652 309 1720; x_wconf 80' lang='lat' dir='ltr'><strong>Quod</strong></span> <span class='ocrx_word' id='word_1_107' title='bbox 329 1653 446 1722; x_wconf 77' lang='lat' dir='ltr'><strong>angelus</strong></span> <span class='ocrx_word' id='word_1_108' title='bbox 464 1653 663 1709; x_wconf 85' lang='lat' dir='ltr'><strong>consolabatur</strong></span> <span class='ocrx_word' id='word_1_109' title='bbox 681 1652 802 1708; x_wconf 84' lang='lat' dir='ltr'><strong>Mariam</strong></span> <span class='ocrx_word' id='word_1_110' title='bbox 821 1653 863 1706; x_wconf 86' lang='grc'><strong>61.</strong></span> 
     </span>
    </p>

    <p class='ocr_par' dir='ltr' id='par_1_14' title="bbox 232 1739 804 1810">
     <span class='ocr_line' id='line_1_16' title="bbox 232 1739 804 1810; baseline -0.003 -16"><span class='ocrx_word' id='word_1_111' title='bbox 232 1740 309 1806; x_wconf 89' lang='lat' dir='ltr'><strong>Quod</strong></span> <span class='ocrx_word' id='word_1_112' title='bbox 328 1739 420 1795; x_wconf 79' lang='lat' dir='ltr'><strong>Maria</strong></span> <span class='ocrx_word' id='word_1_113' title='bbox 436 1739 621 1810; x_wconf 83' lang='lat' dir='ltr'><strong>desponsatur</strong></span> <span class='ocrx_word' id='word_1_114' title='bbox 639 1739 742 1810; x_wconf 89' lang='lat' dir='ltr'><strong>Joseph</strong></span> <span class='ocrx_word' id='word_1_115' title='bbox 762 1740 804 1795; x_wconf 87' lang='grc'><strong>53.</strong></span> 
     </span>
    </p>

    <p class='ocr_par' dir='ltr' id='par_1_15' title="bbox 231 1825 1047 1894">
     <span class='ocr_line' id='line_1_17' title="bbox 231 1825 1047 1894; baseline 0.001 -12"><span class='ocrx_word' id='word_1_116' title='bbox 231 1827 309 1894; x_wconf 83' lang='lat' dir='ltr'><strong>Quod</strong></span> <span class='ocrx_word' id='word_1_117' title='bbox 328 1827 481 1884; x_wconf 86' lang='lat' dir='ltr'><strong>sacerdotes</strong></span> <span class='ocrx_word' id='word_1_118' title='bbox 499 1827 634 1882; x_wconf 79' lang='lat' dir='ltr'><strong>miserunt</strong></span> <span class='ocrx_word' id='word_1_119' title='bbox 653 1827 772 1882; x_wconf 83' lang='lat' dir='ltr'><strong>Mariam</strong></span> <span class='ocrx_word' id='word_1_120' title='bbox 795 1827 825 1881; x_wconf 92' lang='lat' dir='ltr'><strong>in</strong></span> <span class='ocrx_word' id='word_1_121' title='bbox 842 1825 986 1882; x_wconf 74' lang='lat' dir='ltr'><strong>Nazareth</strong></span> <span class='ocrx_word' id='word_1_122' title='bbox 1005 1829 1047 1883; x_wconf 87' lang='grc'><strong>53.</strong></span> 
     </span>
    </p>

    <p class='ocr_par' dir='ltr' id='par_1_16' title="bbox 232 1913 1011 1984">
     <span class='ocr_line' id='line_1_18' title="bbox 232 1913 1011 1984; baseline -0.001 -15"><span class='ocrx_word' id='word_1_123' title='bbox 232 1914 310 1980; x_wconf 81' lang='lat' dir='ltr'><strong>Quod</strong></span> <span class='ocrx_word' id='word_1_124' title='bbox 328 1914 423 1984; x_wconf 80' lang='lat' dir='ltr'><strong>angeli</strong></span> <span class='ocrx_word' id='word_1_125' title='bbox 441 1913 602 1984; x_wconf 72' lang='lat' dir='ltr'><strong>frequenter</strong></span> <span class='ocrx_word' id='word_1_126' title='bbox 621 1913 809 1970; x_wconf 84' lang='lat' dir='ltr'><strong>visitaverunt</strong></span> <span class='ocrx_word' id='word_1_127' title='bbox 828 1913 946 1968; x_wconf 83' lang='lat' dir='ltr'><strong>Mariam</strong></span> <span class='ocrx_word' id='word_1_128' title='bbox 966 1915 1011 1968; x_wconf 88' lang='grc'><strong>53.</strong></span> 
     </span>
    </p>
   </div>
   <div class='ocr_carea' id='block_1_3' title="bbox 233 2105 1379 2338">
    <p class='ocr_par' dir='ltr' id='par_1_17' title="bbox 233 2105 1379 2338">
     <span class='ocr_line' id='line_1_19' title="bbox 727 2105 874 2173; baseline -0.007 0"><span class='ocrx_word' id='word_1_129' title='bbox 727 2105 759 2173; x_wconf 84' lang='grc' dir='ltr'><strong><em>Η</em></strong></span> <span class='ocrx_word' id='word_1_130' title='bbox 781 2107 874 2172; x_wconf 91' lang='lat' dir='ltr'><strong>buch.</strong></span> 
     </span>
     <span class='ocr_line' id='line_1_20' title="bbox 233 2261 1379 2338; baseline -0.001 -16"><span class='ocrx_word' id='word_1_131' title='bbox 233 2266 352 2338; x_wconf 77' lang='lat' dir='ltr'><strong>Explicit</strong></span> <span class='ocrx_word' id='word_1_132' title='bbox 371 2265 442 2322; x_wconf 88' lang='lat' dir='ltr'><strong>liber</strong></span> <span class='ocrx_word' id='word_1_133' title='bbox 460 2264 566 2336; x_wconf 85' lang='lat' dir='ltr'><strong>primus</strong></span> <span class='ocrx_word' id='word_1_134' title='bbox 584 2264 619 2319; x_wconf 90' lang='lat' dir='ltr'><strong>de</strong></span> <span class='ocrx_word' id='word_1_135' title='bbox 638 2265 698 2319; x_wconf 88' lang='lat' dir='ltr'><strong>vita</strong></span> <span class='ocrx_word' id='word_1_136' title='bbox 715 2263 834 2334; x_wconf 79' lang='lat' dir='ltr'><strong>gloriose</strong></span> <span class='ocrx_word' id='word_1_137' title='bbox 852 2262 970 2333; x_wconf 69' lang='lat' dir='ltr'><strong>virginis</strong></span> <span class='ocrx_word' id='word_1_138' title='bbox 989 2261 1084 2322; x_wconf 68' lang='lat' dir='ltr'><strong>uarie</strong></span> <span class='ocrx_word' id='word_1_139' title='bbox 1121 2263 1224 2335; x_wconf 86' lang='lat' dir='ltr'><strong>incipit</strong></span> <span class='ocrx_word' id='word_1_140' title='bbox 1242 2265 1379 2336; x_wconf 69' lang='lat' dir='ltr'><strong>protegen</strong></span> 
     </span>
    </p>
   </div>
   <div class='ocr_carea' id='block_1_4' title="bbox 170 2353 1382 4261">
    <p class='ocr_par' dir='ltr' id='par_1_18' title="bbox 170 2353 1382 4261">
     <span class='ocr_line' id='line_1_21' title="bbox 302 2353 559 2407; baseline -0.004 0"><span class='ocrx_word' id='word_1_141' title='bbox 302 2354 331 2407; x_wconf 89' lang='lat' dir='ltr'><strong>in</strong></span> <span class='ocrx_word' id='word_1_142' title='bbox 349 2353 498 2407; x_wconf 87' lang='lat' dir='ltr'><strong>secundum</strong></span> <span class='ocrx_word' id='word_1_143' title='bbox 518 2354 559 2407; x_wconf 89' lang='grc'><strong>57.</strong></span> 
     </span>
     <span class='ocr_line' id='line_1_22' title="bbox 231 2435 951 2511; baseline -0.007 -15"><span class='ocrx_word' id='word_1_144' title='bbox 231 2440 353 2511; x_wconf 75' lang='lat' dir='ltr'><strong>Explicit</strong></span> <span class='ocrx_word' id='word_1_145' title='bbox 370 2440 510 2510; x_wconf 78' lang='lat' dir='ltr'><strong>prologus.</strong></span> <span class='ocrx_word' id='word_1_146' title='bbox 547 2439 649 2510; x_wconf 84' lang='lat' dir='ltr'><strong>Incipit</strong></span> <span class='ocrx_word' id='word_1_147' title='bbox 666 2439 735 2494; x_wconf 89' lang='lat' dir='ltr'><strong>liber</strong></span> <span class='ocrx_word' id='word_1_148' title='bbox 753 2437 888 2494; x_wconf 87' lang='lat' dir='ltr'><strong>secundus</strong></span> <span class='ocrx_word' id='word_1_149' title='bbox 907 2435 951 2493; x_wconf 88' lang='grc'><strong>58.</strong></span> 
     </span>
     <span class='ocr_line' id='line_1_23' title="bbox 233 2525 912 2596; baseline -0.003 -15"><span class='ocrx_word' id='word_1_150' title='bbox 233 2527 272 2581; x_wconf 92' lang='grc'><strong>96</strong></span> <span class='ocrx_word' id='word_1_151' title='bbox 291 2527 506 2582; x_wconf 75' lang='lat' dir='ltr'><strong>ennuntiatione</strong></span> <span class='ocrx_word' id='word_1_152' title='bbox 524 2527 607 2581; x_wconf 85' lang='lat' dir='ltr'><strong>beate</strong></span> <span class='ocrx_word' id='word_1_153' title='bbox 626 2526 743 2596; x_wconf 78' lang='lat' dir='ltr'><strong>virginis</strong></span> <span class='ocrx_word' id='word_1_154' title='bbox 763 2526 851 2580; x_wconf 83' lang='lat' dir='ltr'><strong>Mario</strong></span> <span class='ocrx_word' id='word_1_155' title='bbox 869 2525 912 2580; x_wconf 87' lang='lat'><strong>58.</strong></span> 
     </span>
     <span class='ocr_line' id='line_1_24' title="bbox 233 2611 1034 2682; baseline -0.005 -13"><span class='ocrx_word' id='word_1_156' title='bbox 233 2615 308 2679; x_wconf 79' lang='lat' dir='ltr'><strong>Quod</strong></span> <span class='ocrx_word' id='word_1_157' title='bbox 327 2613 401 2668; x_wconf 85' lang='lat' dir='ltr'><strong>filius</strong></span> <span class='ocrx_word' id='word_1_158' title='bbox 418 2613 461 2667; x_wconf 87' lang='lat' dir='ltr'><strong>dei</strong></span> <span class='ocrx_word' id='word_1_159' title='bbox 481 2613 601 2667; x_wconf 88' lang='lat' dir='ltr'><strong>intravit</strong></span> <span class='ocrx_word' id='word_1_160' title='bbox 620 2613 650 2667; x_wconf 88' lang='lat' dir='ltr'><strong>in</strong></span> <span class='ocrx_word' id='word_1_161' title='bbox 669 2616 780 2668; x_wconf 88' lang='lat' dir='ltr'><strong>uterum</strong></span> <span class='ocrx_word' id='word_1_162' title='bbox 800 2612 918 2682; x_wconf 80' lang='lat' dir='ltr'><strong>virginis</strong></span> <span class='ocrx_word' id='word_1_163' title='bbox 937 2611 1034 2667; x_wconf 86' lang='lat' dir='ltr'><strong>Merie.</strong></span> 
     </span>
     <span class='ocr_line' id='line_1_25' title="bbox 233 2699 1375 2770; baseline 0.003 -14"><span class='ocrx_word' id='word_1_164' title='bbox 233 2701 310 2767; x_wconf 85' lang='lat' dir='ltr'><strong>Quod</strong></span> <span class='ocrx_word' id='word_1_165' title='bbox 328 2699 421 2756; x_wconf 82' lang='lat' dir='ltr'><strong>Maria</strong></span> <span class='ocrx_word' id='word_1_166' title='bbox 438 2701 564 2756; x_wconf 88' lang='lat' dir='ltr'><strong>ascendit</strong></span> <span class='ocrx_word' id='word_1_167' title='bbox 582 2700 618 2756; x_wconf 89' lang='lat' dir='ltr'><strong>ad</strong></span> <span class='ocrx_word' id='word_1_168' title='bbox 636 2701 750 2756; x_wconf 89' lang='lat' dir='ltr'><strong>domum</strong></span> <span class='ocrx_word' id='word_1_169' title='bbox 769 2699 900 2755; x_wconf 86' lang='lat' dir='ltr'><strong>Zacharia</strong></span> <span class='ocrx_word' id='word_1_170' title='bbox 918 2701 948 2754; x_wconf 89' lang='lat' dir='ltr'><strong>ct</strong></span> <span class='ocrx_word' id='word_1_171' title='bbox 965 2699 1107 2756; x_wconf 79' lang='lat' dir='ltr'><strong>Elisabeth</strong></span> <span class='ocrx_word' id='word_1_172' title='bbox 1126 2703 1247 2770; x_wconf 77' lang='lat' dir='ltr'><strong>cognate</strong></span> <span class='ocrx_word' id='word_1_173' title='bbox 1264 2703 1375 2760; x_wconf 84' lang='grc'><strong>66669.</strong></span> 
     </span>
     <span class='ocr_line' id='line_1_26' title="bbox 179 2787 683 2856; baseline 0.002 -14"><span class='ocrx_word' id='word_1_174' title='bbox 179 2791 198 2798; x_wconf 86' lang='grc'>”</span> <span class='ocrx_word' id='word_1_175' title='bbox 233 2787 380 2843; x_wconf 78' lang='lat' dir='ltr'><strong>Canticum</strong></span> <span class='ocrx_word' id='word_1_176' title='bbox 400 2787 487 2842; x_wconf 83' lang='lat' dir='ltr'><strong>Merie</strong></span> <span class='ocrx_word' id='word_1_177' title='bbox 505 2787 624 2856; x_wconf 72' lang='lat' dir='ltr'><strong>virginis</strong></span> <span class='ocrx_word' id='word_1_178' title='bbox 642 2791 683 2844; x_wconf 88' lang='lat'><strong>61.</strong></span> 
     </span>
     <span class='ocr_line' id='line_1_27' title="bbox 232 2874 958 2946; baseline 0.003 -18"><span class='ocrx_word' id='word_1_179' title='bbox 232 2874 310 2942; x_wconf 85' lang='lat' dir='ltr'><strong>Quod</strong></span> <span class='ocrx_word' id='word_1_180' title='bbox 327 2875 429 2945; x_wconf 86' lang='lat' dir='ltr'><strong>Joseph</strong></span> <span class='ocrx_word' id='word_1_181' title='bbox 447 2874 555 2928; x_wconf 89' lang='lat' dir='ltr'><strong>invenit</strong></span> <span class='ocrx_word' id='word_1_182' title='bbox 575 2875 693 2930; x_wconf 84' lang='lat' dir='ltr'><strong>Mariam</strong></span> <span class='ocrx_word' id='word_1_183' title='bbox 712 2878 897 2946; x_wconf 74' lang='lat' dir='ltr'><strong>pregnantem</strong></span> <span class='ocrx_word' id='word_1_184' title='bbox 915 2877 958 2931; x_wconf 81' lang='grc'><strong>68.</strong></span> 
     </span>
     <span class='ocr_line' id='line_1_28' title="bbox 231 2961 1047 3032; baseline -0.002 -14"><span class='ocrx_word' id='word_1_185' title='bbox 231 2961 308 3028; x_wconf 81' lang='lat' dir='ltr'><strong>Quod</strong></span> <span class='ocrx_word' id='word_1_186' title='bbox 326 2962 428 3032; x_wconf 79' lang='lat' dir='ltr'><strong>Joseph</strong></span> <span class='ocrx_word' id='word_1_187' title='bbox 447 2962 560 3018; x_wconf 84' lang='lat' dir='ltr'><strong>volebat</strong></span> <span class='ocrx_word' id='word_1_188' title='bbox 579 2963 685 3018; x_wconf 90' lang='lat' dir='ltr'><strong>occulte</strong></span> <span class='ocrx_word' id='word_1_189' title='bbox 703 2961 846 3018; x_wconf 84' lang='lat' dir='ltr'><strong>dimittere</strong></span> <span class='ocrx_word' id='word_1_190' title='bbox 866 2962 987 3016; x_wconf 83' lang='lat' dir='ltr'><strong>Mariam</strong></span> <span class='ocrx_word' id='word_1_191' title='bbox 1005 2964 1047 3017; x_wconf 83' lang='lat'><strong>63.</strong></span> 
     </span>
     <span class='ocr_line' id='line_1_29' title="bbox 232 3049 866 3120; baseline -0.002 -14"><span class='ocrx_word' id='word_1_192' title='bbox 232 3050 273 3106; x_wconf 90' lang='grc'><strong>96</strong></span> <span class='ocrx_word' id='word_1_193' title='bbox 290 3053 368 3105; x_wconf 87' lang='lat' dir='ltr'><strong>statu</strong></span> <span class='ocrx_word' id='word_1_194' title='bbox 386 3049 504 3120; x_wconf 81' lang='lat' dir='ltr'><strong>virginis</strong></span> <span class='ocrx_word' id='word_1_195' title='bbox 520 3054 585 3120; x_wconf 88' lang='lat' dir='ltr'><strong>post</strong></span> <span class='ocrx_word' id='word_1_196' title='bbox 601 3050 807 3120; x_wconf 87' lang='lat' dir='ltr'><strong>conceptionem</strong></span> <span class='ocrx_word' id='word_1_197' title='bbox 825 3051 866 3105; x_wconf 85' lang='grc'><strong>64</strong></span> 
     </span>
     <span class='ocr_line' id='line_1_30' title="bbox 233 3137 635 3194; baseline 0 -2"><span class='ocrx_word' id='word_1_198' title='bbox 233 3138 273 3194; x_wconf 90' lang='grc'><strong>96</strong></span> <span class='ocrx_word' id='word_1_199' title='bbox 291 3137 445 3193; x_wconf 75' lang='lat' dir='ltr'><strong>nativitate</strong></span> <span class='ocrx_word' id='word_1_200' title='bbox 462 3137 513 3191; x_wconf 86' lang='lat' dir='ltr'><strong>filii</strong></span> <span class='ocrx_word' id='word_1_201' title='bbox 531 3137 575 3192; x_wconf 92' lang='lat' dir='ltr'><strong>dei</strong></span> <span class='ocrx_word' id='word_1_202' title='bbox 595 3139 635 3192; x_wconf 82' lang='lat'><strong>64.</strong></span> 
     </span>
     <span class='ocr_line' id='line_1_31' title="bbox 232 3223 787 3294; baseline -0.005 -13"><span class='ocrx_word' id='word_1_203' title='bbox 232 3227 273 3281; x_wconf 93' lang='grc'><strong>96</strong></span> <span class='ocrx_word' id='word_1_204' title='bbox 290 3225 486 3281; x_wconf 68' lang='lat' dir='ltr'><strong>obstetricibus</strong></span> <span class='ocrx_word' id='word_1_205' title='bbox 504 3224 622 3294; x_wconf 75' lang='lat' dir='ltr'><strong>virginis</strong></span> <span class='ocrx_word' id='word_1_206' title='bbox 642 3223 727 3280; x_wconf 84' lang='lat' dir='ltr'><strong>Marie</strong></span> <span class='ocrx_word' id='word_1_207' title='bbox 744 3225 787 3280; x_wconf 89' lang='grc'><strong>66.</strong></span> 
     </span>
     <span class='ocr_line' id='line_1_32' title="bbox 232 3311 916 3383; baseline -0.003 -16"><span class='ocrx_word' id='word_1_208' title='bbox 232 3313 310 3379; x_wconf 83' lang='lat' dir='ltr'><strong>Quod</strong></span> <span class='ocrx_word' id='word_1_209' title='bbox 329 3312 421 3368; x_wconf 83' lang='lat' dir='ltr'><strong>Maria</strong></span> <span class='ocrx_word' id='word_1_210' title='bbox 437 3311 531 3383; x_wconf 80' lang='lat' dir='ltr'><strong>posuit</strong></span> <span class='ocrx_word' id='word_1_211' title='bbox 548 3329 665 3382; x_wconf 88' lang='lat' dir='ltr'><strong>puerum</strong></span> <span class='ocrx_word' id='word_1_212' title='bbox 683 3311 712 3365; x_wconf 88' lang='lat' dir='ltr'><strong>in</strong></span> <span class='ocrx_word' id='word_1_213' title='bbox 731 3311 857 3382; x_wconf 86' lang='lat' dir='ltr'><strong>presepio</strong></span> <span class='ocrx_word' id='word_1_214' title='bbox 874 3315 916 3367; x_wconf 94' lang='grc'><strong>67.</strong></span> 
     </span>
     <span class='ocr_line' id='line_1_33' title="bbox 232 3399 930 3470; baseline -0.001 -15"><span class='ocrx_word' id='word_1_215' title='bbox 232 3401 378 3455; x_wconf 83' lang='lat' dir='ltr'><strong>Canticum</strong></span> <span class='ocrx_word' id='word_1_216' title='bbox 395 3400 497 3470; x_wconf 83' lang='lat' dir='ltr'><strong>Joseph</strong></span> <span class='ocrx_word' id='word_1_217' title='bbox 514 3400 545 3454; x_wconf 91' lang='lat' dir='ltr'><strong>in</strong></span> <span class='ocrx_word' id='word_1_218' title='bbox 563 3399 746 3455; x_wconf 71' lang='lat' dir='ltr'><strong>nativitatem</strong></span> <span class='ocrx_word' id='word_1_219' title='bbox 764 3399 868 3455; x_wconf 81' lang='lat' dir='ltr'><strong>Christi</strong></span> <span class='ocrx_word' id='word_1_220' title='bbox 888 3401 930 3454; x_wconf 91' lang='grc'><strong>67.</strong></span> 
     </span>
     <span class='ocr_line' id='line_1_34' title="bbox 235 3486 1008 3559; baseline 0 -17"><span class='ocrx_word' id='word_1_221' title='bbox 235 3489 273 3544; x_wconf 92' lang='grc'><strong>96</strong></span> <span class='ocrx_word' id='word_1_222' title='bbox 290 3487 378 3559; x_wconf 80' lang='lat' dir='ltr'><strong>signis</strong></span> <span class='ocrx_word' id='word_1_223' title='bbox 396 3505 449 3558; x_wconf 90' lang='lat' dir='ltr'><strong>que</strong></span> <span class='ocrx_word' id='word_1_224' title='bbox 468 3487 573 3542; x_wconf 89' lang='lat' dir='ltr'><strong>fiebant</strong></span> <span class='ocrx_word' id='word_1_225' title='bbox 591 3487 621 3541; x_wconf 90' lang='lat' dir='ltr'><strong>in</strong></span> <span class='ocrx_word' id='word_1_226' title='bbox 639 3487 822 3542; x_wconf 71' lang='lat' dir='ltr'><strong>nativitatem</strong></span> <span class='ocrx_word' id='word_1_227' title='bbox 840 3486 946 3542; x_wconf 76' lang='lat' dir='ltr'><strong>christi</strong></span> <span class='ocrx_word' id='word_1_228' title='bbox 965 3490 1008 3544; x_wconf 88' lang='grc'><strong>69.</strong></span> 
     </span>
     <span class='ocr_line' id='line_1_35' title="bbox 232 3575 1344 3645; baseline 0 -15"><span class='ocrx_word' id='word_1_229' title='bbox 232 3575 273 3630; x_wconf 92' lang='grc'><strong>96</strong></span> <span class='ocrx_word' id='word_1_230' title='bbox 291 3575 449 3645; x_wconf 76' lang='lat' dir='ltr'><strong>signisque</strong></span> <span class='ocrx_word' id='word_1_231' title='bbox 468 3575 573 3630; x_wconf 81' lang='lat' dir='ltr'><strong>fiebant</strong></span> <span class='ocrx_word' id='word_1_232' title='bbox 590 3591 641 3645; x_wconf 88' lang='lat' dir='ltr'><strong>per</strong></span> <span class='ocrx_word' id='word_1_233' title='bbox 659 3577 749 3631; x_wconf 88' lang='lat' dir='ltr'><strong>totum</strong></span> <span class='ocrx_word' id='word_1_234' title='bbox 770 3575 905 3629; x_wconf 88' lang='lat' dir='ltr'><strong>mundum</strong></span> <span class='ocrx_word' id='word_1_235' title='bbox 924 3575 955 3629; x_wconf 91' lang='lat' dir='ltr'><strong>in</strong></span> <span class='ocrx_word' id='word_1_236' title='bbox 973 3575 1156 3631; x_wconf 81' lang='lat' dir='ltr'><strong>nativitatem</strong></span> <span class='ocrx_word' id='word_1_237' title='bbox 1178 3575 1281 3630; x_wconf 87' lang='lat' dir='ltr'><strong>Christi</strong></span> <span class='ocrx_word' id='word_1_238' title='bbox 1300 3576 1344 3630; x_wconf 90' lang='grc'><strong>79.</strong></span> 
     </span>
     <span class='ocr_line' id='line_1_36' title="bbox 232 3661 1382 3732; baseline -0.003 -15"><span class='ocrx_word' id='word_1_239' title='bbox 232 3663 309 3728; x_wconf 79' lang='lat' dir='ltr'><strong>Quod</strong></span> <span class='ocrx_word' id='word_1_240' title='bbox 322 3663 426 3732; x_wconf 87' lang='lat' dir='ltr'><strong>Joseph</strong></span> <span class='ocrx_word' id='word_1_241' title='bbox 442 3663 538 3719; x_wconf 88' lang='lat' dir='ltr'><strong>eduxit</strong></span> <span class='ocrx_word' id='word_1_242' title='bbox 552 3663 671 3718; x_wconf 76' lang='lat' dir='ltr'><strong>Mariam</strong></span> <span class='ocrx_word' id='word_1_243' title='bbox 688 3663 723 3717; x_wconf 92' lang='lat' dir='ltr'><strong>de</strong></span> <span class='ocrx_word' id='word_1_244' title='bbox 741 3663 892 3720; x_wconf 83' lang='lat' dir='ltr'><strong>diversorio</strong></span> <span class='ocrx_word' id='word_1_245' title='bbox 910 3662 939 3717; x_wconf 91' lang='lat' dir='ltr'><strong>in</strong></span> <span class='ocrx_word' id='word_1_246' title='bbox 959 3681 1014 3732; x_wconf 91' lang='lat' dir='ltr'><strong>quo</strong></span> <span class='ocrx_word' id='word_1_247' title='bbox 1032 3665 1117 3718; x_wconf 87' lang='lat' dir='ltr'><strong>nctus</strong></span> <span class='ocrx_word' id='word_1_248' title='bbox 1134 3665 1178 3717; x_wconf 86' lang='lat' dir='ltr'><strong>est</strong></span> <span class='ocrx_word' id='word_1_249' title='bbox 1190 3661 1318 3716; x_wconf 84' lang='lat' dir='ltr'><strong>Christus</strong></span> <span class='ocrx_word' id='word_1_250' title='bbox 1338 3663 1382 3716; x_wconf 87' lang='grc'><strong>74.</strong></span> 
     </span>
     <span class='ocr_line' id='line_1_37' title="bbox 232 3749 641 3829; baseline 0.005 -25"><span class='ocrx_word' id='word_1_251' title='bbox 232 3749 273 3804; x_wconf 83' lang='grc'><strong>96</strong></span> <span class='ocrx_word' id='word_1_252' title='bbox 291 3749 496 3829; x_wconf 72' lang='lat' dir='ltr'><strong>circumcisione</strong></span> <span class='ocrx_word' id='word_1_253' title='bbox 514 3750 579 3806; x_wconf 87' lang='lat' dir='ltr'><strong>Jesu</strong></span> <span class='ocrx_word' id='word_1_254' title='bbox 598 3753 641 3806; x_wconf 90' lang='grc'><strong>74.</strong></span> 
     </span>
     <span class='ocr_line' id='line_1_38' title="bbox 234 3836 860 3908; baseline 0.006 -20"><span class='ocrx_word' id='word_1_255' title='bbox 234 3836 273 3892; x_wconf 88' lang='grc'><strong>96</strong></span> <span class='ocrx_word' id='word_1_256' title='bbox 290 3837 415 3892; x_wconf 88' lang='lat' dir='ltr'><strong>adventu</strong></span> <span class='ocrx_word' id='word_1_257' title='bbox 433 3855 580 3908; x_wconf 83' lang='lat' dir='ltr'><strong>magorum</strong></span> <span class='ocrx_word' id='word_1_258' title='bbox 597 3840 627 3893; x_wconf 91' lang='lat' dir='ltr'><strong>in</strong></span> <span class='ocrx_word' id='word_1_259' title='bbox 645 3837 798 3894; x_wconf 76' lang='lat' dir='ltr'><strong>Jerusalem</strong></span> <span class='ocrx_word' id='word_1_260' title='bbox 817 3840 860 3894; x_wconf 89' lang='grc'><strong>74.</strong></span> 
     </span>
     <span class='ocr_line' id='line_1_39' title="bbox 233 3925 789 3997; baseline 0.002 -17"><span class='ocrx_word' id='word_1_261' title='bbox 233 3925 273 3980; x_wconf 89' lang='grc'><strong>96</strong></span> <span class='ocrx_word' id='word_1_262' title='bbox 291 3925 485 3996; x_wconf 88' lang='lat' dir='ltr'><strong>purificatione</strong></span> <span class='ocrx_word' id='word_1_263' title='bbox 506 3927 622 3997; x_wconf 72' lang='lat' dir='ltr'><strong>virginis</strong></span> <span class='ocrx_word' id='word_1_264' title='bbox 641 3927 728 3982; x_wconf 83' lang='lat' dir='ltr'><strong>Mario</strong></span> <span class='ocrx_word' id='word_1_265' title='bbox 746 3929 789 3982; x_wconf 92' lang='grc'><strong>76.</strong></span> 
     </span>
     <span class='ocr_line' id='line_1_40' title="bbox 232 4012 1199 4086; baseline 0 -20"><span class='ocrx_word' id='word_1_266' title='bbox 232 4012 310 4078; x_wconf 82' lang='lat' dir='ltr'><strong>Quod</strong></span> <span class='ocrx_word' id='word_1_267' title='bbox 329 4013 445 4084; x_wconf 75' lang='lat' dir='ltr'><strong>angelus</strong></span> <span class='ocrx_word' id='word_1_268' title='bbox 463 4015 587 4084; x_wconf 84' lang='lat' dir='ltr'><strong>precepit</strong></span> <span class='ocrx_word' id='word_1_269' title='bbox 604 4015 707 4084; x_wconf 84' lang='lat' dir='ltr'><strong>Joseph</strong></span> <span class='ocrx_word' id='word_1_270' title='bbox 723 4016 798 4084; x_wconf 85' lang='lat' dir='ltr'><strong>quod</strong></span> <span class='ocrx_word' id='word_1_271' title='bbox 818 4016 930 4086; x_wconf 77' lang='lat' dir='ltr'><strong>fugeret</strong></span> <span class='ocrx_word' id='word_1_272' title='bbox 947 4016 978 4072; x_wconf 88' lang='lat' dir='ltr'><strong>in</strong></span> <span class='ocrx_word' id='word_1_273' title='bbox 998 4018 1139 4086; x_wconf 74' lang='lat' dir='ltr'><strong>Egyptum</strong></span> <span class='ocrx_word' id='word_1_274' title='bbox 1158 4016 1199 4070; x_wconf 88' lang='grc'><strong>76.</strong></span> 
     </span>
     <span class='ocr_line' id='line_1_41' title="bbox 170 4101 1264 4174; baseline -0.001 -19"><span class='ocrx_word' id='word_1_275' title='bbox 170 4125 175 4136; x_wconf 92' lang='grc'>·</span> <span class='ocrx_word' id='word_1_276' title='bbox 233 4101 273 4156; x_wconf 88' lang='grc'><strong>96</strong></span> <span class='ocrx_word' id='word_1_277' title='bbox 291 4101 360 4172; x_wconf 76' lang='lat' dir='ltr'><strong>fuga</strong></span> <span class='ocrx_word' id='word_1_278' title='bbox 378 4102 480 4172; x_wconf 89' lang='lat' dir='ltr'><strong>Joseph</strong></span> <span class='ocrx_word' id='word_1_279' title='bbox 498 4103 527 4156; x_wconf 92' lang='lat' dir='ltr'><strong>in</strong></span> <span class='ocrx_word' id='word_1_280' title='bbox 546 4103 688 4172; x_wconf 75' lang='lat' dir='ltr'><strong>Egyptum</strong></span> <span class='ocrx_word' id='word_1_281' title='bbox 705 4119 767 4158; x_wconf 89' lang='lat' dir='ltr'><strong>cum</strong></span> <span class='ocrx_word' id='word_1_282' title='bbox 786 4121 871 4174; x_wconf 90' lang='lat' dir='ltr'><strong>puero</strong></span> <span class='ocrx_word' id='word_1_283' title='bbox 889 4105 969 4160; x_wconf 81' lang='lat' dir='ltr'><strong>Jeeus</strong></span> <span class='ocrx_word' id='word_1_284' title='bbox 987 4108 1017 4160; x_wconf 91' lang='lat' dir='ltr'><strong>et</strong></span> <span class='ocrx_word' id='word_1_285' title='bbox 1030 4105 1125 4158; x_wconf 67' lang='lat' dir='ltr'><strong>,matre</strong></span> <span class='ocrx_word' id='word_1_286' title='bbox 1143 4101 1201 4157; x_wconf 84' lang='lat' dir='ltr'><strong>eius</strong></span> <span class='ocrx_word' id='word_1_287' title='bbox 1219 4102 1264 4155; x_wconf 91' lang='grc'><strong>77.</strong></span> 
     </span>
     <span class='ocr_line' id='line_1_42' title="bbox 235 4188 1333 4261; baseline 0.002 -17"><span class='ocrx_word' id='word_1_288' title='bbox 235 4189 274 4244; x_wconf 92' lang='grc'><strong>96</strong></span> <span class='ocrx_word' id='word_1_289' title='bbox 293 4188 380 4259; x_wconf 80' lang='lat' dir='ltr'><strong>signis</strong></span> <span class='ocrx_word' id='word_1_290' title='bbox 397 4205 452 4258; x_wconf 89' lang='grc'><strong>666</strong></span> <span class='ocrx_word' id='word_1_291' title='bbox 470 4189 593 4244; x_wconf 81' lang='lat' dir='ltr'><strong>iaciebat</strong></span> <span class='ocrx_word' id='word_1_292' title='bbox 610 4189 688 4245; x_wconf 86' lang='lat' dir='ltr'><strong>Jesus</strong></span> <span class='ocrx_word' id='word_1_293' title='bbox 706 4207 755 4261; x_wconf 90' lang='lat' dir='ltr'><strong>per</strong></span> <span class='ocrx_word' id='word_1_294' title='bbox 773 4191 850 4247; x_wconf 84' lang='lat' dir='ltr'><strong>viam</strong></span> <span class='ocrx_word' id='word_1_295' title='bbox 867 4209 931 4248; x_wconf 90' lang='lat' dir='ltr'><strong>cum</strong></span> <span class='ocrx_word' id='word_1_296' title='bbox 949 4193 1061 4261; x_wconf 75' lang='lat' dir='ltr'><strong>fugeret</strong></span> <span class='ocrx_word' id='word_1_297' title='bbox 1078 4192 1107 4246; x_wconf 90' lang='lat' dir='ltr'><strong>in</strong></span> <span class='ocrx_word' id='word_1_298' title='bbox 1126 4191 1269 4260; x_wconf 77' lang='lat' dir='ltr'><strong>Egypturn</strong></span> <span class='ocrx_word' id='word_1_299' title='bbox 1289 4190 1333 4246; x_wconf 90' lang='grc'><strong>77.</strong></span> 
     </span>
    </p>
   </div>
   <div class='ocr_carea' id='block_1_5' title="bbox 154 4274 927 4348">
    <p class='ocr_par' dir='ltr' id='par_1_19' title="bbox 154 4274 927 4348">
     <span class='ocr_line' id='line_1_43' title="bbox 154 4274 927 4348; baseline 0.005 -19"><span class='ocrx_word' id='word_1_300' title='bbox 154 4339 157 4348; x_wconf 64' lang='lat'>,</span> <span class='ocrx_word' id='word_1_301' title='bbox 233 4274 311 4340; x_wconf 81' lang='lat' dir='ltr'><strong>Quod</strong></span> <span class='ocrx_word' id='word_1_302' title='bbox 330 4276 522 4330; x_wconf 87' lang='lat' dir='ltr'><strong>veneruntad</strong></span> <span class='ocrx_word' id='word_1_303' title='bbox 541 4277 702 4346; x_wconf 81' lang='lat' dir='ltr'><strong>speluncem</strong></span> <span class='ocrx_word' id='word_1_304' title='bbox 721 4279 863 4335; x_wconf 88' lang='lat' dir='ltr'><strong>latronum</strong></span> <span class='ocrx_word' id='word_1_305' title='bbox 882 4281 927 4334; x_wconf 90' lang='grc'><strong>78.</strong></span> 
     </span>
    </p>
   </div>
   <div class='ocr_carea' id='block_1_6' title="bbox 233 4363 771 4434">
    <p class='ocr_par' dir='ltr' id='par_1_20' title="bbox 233 4363 771 4434">
     <span class='ocr_line' id='line_1_44' title="bbox 233 4363 771 4434; baseline 0 -12"><span class='ocrx_word' id='word_1_306' title='bbox 233 4363 274 4422; x_wconf 80' lang='lat' dir='ltr'><strong>De</strong></span> <span class='ocrx_word' id='word_1_307' title='bbox 292 4363 358 4420; x_wconf 81' lang='lat' dir='ltr'><strong>feris</strong></span> <span class='ocrx_word' id='word_1_308' title='bbox 375 4379 429 4434; x_wconf 88' lang='grc'><strong>666</strong></span> <span class='ocrx_word' id='word_1_309' title='bbox 447 4367 627 4420; x_wconf 87' lang='lat' dir='ltr'><strong>occurrerunt</strong></span> <span class='ocrx_word' id='word_1_310' title='bbox 644 4364 710 4421; x_wconf 86' lang='lat' dir='ltr'><strong>Jesu</strong></span> <span class='ocrx_word' id='word_1_311' title='bbox 729 4365 771 4423; x_wconf 88' lang='grc'><strong>78.</strong></span> 
     </span>
    </p>
   </div>
   <div class='ocr_carea' id='block_1_7' title="bbox 0 0 1518 4934">
    <p class='ocr_par' dir='ltr' id='par_1_21' title="bbox 0 0 1518 4934">
     <span class='ocr_line' id='line_1_45' title="bbox 0 0 1518 4934; baseline 0 0"><span class='ocrx_word' id='word_1_312' title='bbox 0 0 1518 4934; x_wconf 95' lang='lat' dir='ltr'><strong> </strong></span> 
     </span>
    </p>
   </div>
  </div>
 </body>
</html>
