2996 4924
655 376 696 448 31

260 551 321 624 Sed
344 579 411 625 sese
433 557 643 644 deprimentia
665 559 796 624 fuerunt
818 559 897 625 bene
920 553 1042 640 stricte,

196 683 235 720 ⁷⁰0
263 663 361 730 Velut
382 665 417 730 in
439 665 581 751 imagine
603 666 737 751 pulchre
759 665 866 730 forent
889 665 983 750 picta.

261 768 304 835 Os
326 771 395 835 eius
418 771 603 836 delectabile
626 771 689 836 fuit
712 776 744 836 et
767 793 924 849 amenum,

260 873 417 961 Omnique
439 877 604 941 dulcedine
626 899 681 941 eeu
705 876 863 940 suavitate
885 876 1032 958 plenum3

263 979 452 1051 Rubicunde
475 982 562 1046 lebie
582 981 713 1046 fuerunt
735 1003 800 1045 non
823 1003 964 1061 carnosa,

260 1087 422 1152 Modicum
444 1087 612 1164 tumentia,
635 1087 727 1152 valde
749 1087 901 1171 speciose.

195 1211 234 1248 τοῦ
262 1191 379 1257 Dentes
402 1191 469 1256 eius
492 1191 618 1256 candidi
640 1192 771 1256 fuerunt
793 1197 889 1276 atque
911 1193 999 1270 recti,

261 1297 368 1381 Atque
390 1295 487 1360 nullis
510 1295 655 1360 sordibus
677 1296 803 1380 penitus
826 1295 952 1372 infecti3
1107 1289 1109 1294 ’

261 1401 401 1493 Equelee
423 1402 510 1486 plani
533 1401 663 1466 fuerunt
685 1400 779 1474 lactei
800 1400 924 1476 coloris,

260 1507 373 1572 Mundi
396 1529 519 1591 semper
541 1507 771 1591 permanentes,
795 1506 926 1570 eburnei
948 1509 1103 1574 candoris.

261 1613 406 1678 Mentum
429 1613 495 1678 eius
518 1613 629 1677 decens
653 1616 721 1676 eret
743 1611 1019 1691 semicirculatum,

197 1737 236 1774 71⁰
264 1717 445 1802 Parumque
468 1739 524 1802 per
546 1717 684 1781 medium
708 1715 996 1782 couvalliculatum.

260 1819 365 1886 Nesus
388 1823 455 1886 eius
478 1825 583 1891 rectus
605 1825 683 1900 erat,
706 1843 819 1904 parum
842 1821 1011 1906 equilinus,

261 1925 328 1992 Nec
351 1927 467 2011 longus
489 1927 585 1990 nimia
604 1946 662 1990 nec
678 1925 791 2002 brevis,
815 1929 998 1989 contortus
1015 1947 1116 2012 neque
1138 1929 1247 1995 simus.

260 2031 389 2117 Semper
410 2033 479 2097 sine
501 2031 646 2096 sordibus
670 2030 736 2095 eius
759 2034 851 2094 erent
872 2051 974 2109 neres,

259 2137 334 2204 Non
357 2141 501 2222 patentes
523 2135 756 2222 neque'striete
779 2135 911 2200 nimium
933 2135 987 2200 sed
1010 2158 1110 2220 pares.

195 2261 234 2300 m
260 2241 334 2308 Nou
356 2243 457 2328 spisse
478 2263 580 2327 neque
602 2247 713 2306 tenues
735 2241 927 2326 fueruntque
949 2225 1086 2321 meurille,¹

258 2347 326 2413 Nec
348 2347 489 2414 confecto
512 2348 610 2412 mecie
632 2367 690 2412 nec
712 2347 846 2432 pingues
868 2343 960 2411 erent
982 2346 1046 2410 ille.

260 2451 320 2518 Sed
343 2453 480 2518 formose
502 2453 648 2542 nimium,
672 2451 843 2536 magnique
866 2451 996 2530 decoris,

259 2558 342 2624 Albe
363 2580 436 2623 cum
457 2559 672 2624 conmixtione
694 2557 776 2622 rosei
799 2556 922 2621 coloris.

259 2660 398 2727 Candide
419 2683 456 2726 ac
478 2663 652 2727 rubicunde
674 2683 754 2747 gene
776 2662 914 2744 speciose

196 2784 234 2822 πο
262 2765 413 2846 Fuerunt,
436 2768 524 2833 velut
547 2768 650 2832 lilium
673 2767 870 2832 substratum
893 2767 976 2832 foret
1000 2791 1079 2834 rose.

261 2871 362 2938 Frons
385 2873 452 2938 eius
475 2878 544 2938 eret
566 2873 677 2952 libere,
700 2893 764 2936 nou
786 2877 893 2937 temen
916 2875 1011 2938 nimis
1035 2875 1110 2952 lats,

259 2974 319 3042 Sed
341 2977 447 3062 plane,
470 2979 591 3058 decens,
614 2979 735 3056 hilaris,
759 2977 902 3062 nihilque
924 2984 1049 3064 rugata.

261 3079 376 3167 capilli
399 3104 524 3167 quoque
546 3082 659 3165 cepitis
682 3083 812 3146 fuerunt
834 3083 1012 3162 subcitriui‚

260 3185 357 3252 Velut
380 3179 493 3252 eurum
515 3188 668 3252 micantes
693 3187 806 3252 coloris
829 3188 986 3271 topazini3

198 3291 233 3328 ⁷²⁶
261 3290 350 3358 Trice
373 3315 446 3360 vero
469 3293 655 3376 capillorum
678 3292 808 3368 fuerunt
831 3293 1040 3376 dependentes

263 3397 369 3483 Usque
391 3421 484 3483 super
507 3400 691 3484 cingulum:
714 3398 805 3462 valde
827 3398 1030 3463 condecentes
1164 3405 1167 3410 '

261 3501 363 3567 Erant
385 3507 417 3568 et
439 3509 550 3569 ornate
571 3505 676 3582 nimis,
700 3503 850 3567 habiliter
872 3503 996 3582 inflexe,

261 3604 333 3672 Non
356 3608 468 3686 soluts,
492 3631 549 3673 nec
571 3609 731 3686 distracta
754 3608 808 3672 sed
830 3629 953 3690 semper
976 3610 1055 3676 bene
1077 3633 1164 3696 pere.

260 3709 341 3776 Tota
363 3713 497 3797 pulchra
518 3713 621 3777 Maria
643 3712 800 3797 nimisque
822 3713 963 3796 speciosa

199 3831 234 3870 ec
260 3815 376 3882 Forma
398 3817 461 3881 fuit
484 3821 517 3881 et
539 3817 660 3895 deeora,
683 3815 766 3882 facie
787 3815 950 3896 formem

261 3919 433 4007 Omnisque
456 3922 691 4006 pulchritudine
713 3921 776 3986 fuit
799 3927 969 3987 exornatus

259 4025 376 4092 Vultus
400 4029 467 4092 eius
490 4033 523 4092 et
545 4027 675 4092 decorus
698 4033 730 4092 et
753 4027 844 4092 valde
866 4027 1038 4106 delicetue3

261 4129 303 4194 Et
324 4131 540 4197 desiderabilis
562 4131 626 4195 luit
647 4131 681 4195 in
704 4136 832 4216 aspectu

262 4235 376 4302 Carens
399 4237 485 4302 omni
510 4237 642 4316 macula,
665 4237 714 4302 rel
738 4259 819 4322 ruge
843 4237 892 4302 vel
914 4238 1064 4304 defectu·

200 4355 237 4393 aas
262 4339 383 4406 Collum
407 4343 474 4410 eius
497 4343 664 4411 candidum
687 4343 759 4408 fuit·
772 4365 837 4408 non
860 4364 1038 4424 carnosum,

262 4443 371 4532 Neque
392 4447 456 4514 tuit
477 4449 681 4514 macilentum
703 4471 806 4535 neque
827 4453 1027 4528 tortuosum
