3022 4934
788 335 851 402 104

241 513 333 581 grant
354 523 435 582 eenp,
456 508 476 566 4
497 507 523 568 ei
544 525 598 584 qne
619 509 727 584 Pespee
746 515 833 570 entre
853 528 908 570 enz
929 517 959 571 et
978 530 1015 572 en
1036 513 1119 572 sesti
1139 531 1179 573 nn
1194 515 1348 590 quer-tien
1368 525 1397 577 et

240 632 279 674 eu
297 615 464 690 deseendre,
486 633 541 691 que
555 617 662 692 l’espee
675 618 735 691 fist,
756 635 849 692 eenpe
862 619 891 677 ie
904 635 963 692 pen
978 620 1023 680 del
1037 622 1165 680 herbert
1181 622 1233 697 jus
1247 628 1280 680 et
1293 623 1395 697 l’espe-

240 737 294 780 ren
315 719 363 780 del
382 721 430 795 pie
448 727 578 781 senestre
595 728 627 782 et
639 739 694 796 per
708 722 738 783 le
751 725 883 797 grender
897 724 944 784 del
965 741 1038 800 eenp
1053 726 1161 800 eevint,
1183 743 1240 801 que
1255 727 1393 804 bierqees

239 825 418 888 ehaneelest.
459 827 561 888 Adent
580 834 628 888 set
647 829 793 903 iierqnes,
814 829 884 904 qn'il
906 831 990 892 eveit
1010 837 1102 904 grant
1122 833 1247 892 betnille
1262 851 1283 894 e
1303 834 1348 894 lui
1366 842 1394 894 et

240 949 295 1006 qne
315 949 362 992 see
383 949 452 992 eene
471 933 591 992 n'eeteit
612 950 665 1008 pes
686 933 819 993 mendres
840 935 876 993 de
896 943 959 994 eest
979 937 1051 994 braz
1073 953 1128 1010 qne
1153 937 1189 996 de
1209 937 1342 1015 l'entre;
1371 941 1394 999 si

240 1039 302 1097 s’en
323 1039 389 1099 vint
410 1053 478 1098 vers
492 1037 605 1098 Patent
625 1044 656 1097 et
675 1038 703 1097 le
717 1039 773 1098 ieri
789 1037 866 1120 [76⁶]
885 1044 898 1099 1
921 1057 971 1100 ser
989 1051 1043 1100 sen
1057 1041 1187 1114 heeume,
1210 1059 1274 1102 mes
1288 1045 1394 1119 Peepee

238 1143 279 1202 n’i
299 1149 352 1218 pet
372 1149 481 1219 entrer,
502 1149 570 1203 tent
590 1145 679 1204 estoit
699 1145 778 1218 durs,
800 1145 896 1220 eique
911 1147 1019 1221 l’espee
1033 1147 1169 1209 descendi
1182 1166 1234 1208 ser
1250 1150 1393 1225 l'espenle

238 1257 384 1326 eeneetre;
407 1251 429 1310 li
443 1267 512 1310 eene
526 1253 627 1310 veneit
641 1251 677 1312 de
690 1253 765 1311 bene
778 1251 858 1312 mein
872 1258 903 1310 et
915 1253 1022 1326 l’espee
1036 1253 1127 1312 estoit
1139 1255 1209 1313 bien
1220 1257 1391 1330 trenehsns,

238 1355 263 1416 si
285 1373 340 1430 qne
360 1354 404 1414 ele
424 1356 447 1414 li
466 1373 536 1416 rese
557 1357 584 1416 le
604 1357 692 1429 braz,
714 1362 782 1415 tent
801 1371 881 1416 eeme
907 1357 1041 1416 ilesteit
1060 1357 1141 1433 lens,
1171 1365 1203 1418 et
1230 1358 1342 1421 l’ebeti
1366 1362 1391 1422 el

236 1479 289 1537 pre
309 1467 374 1521 atet
393 1462 509 1536 l'espee.
551 1463 649 1535 Queri
669 1461 806 1536 Marenen
834 1463 879 1523 vit
908 1463 982 1522 eelni
1009 1479 1081 1522 sanz
1110 1464 1221 1539 meins,
1248 1467 1278 1524 si
1306 1466 1390 1526 enin

237 1567 303 1642 pins
324 1585 342 1626 e
362 1583 439 1641 seer,
461 1569 479 1624 2
501 1584 560 1627 mes
581 1585 691 1642 enqnes
711 1567 828 1628 Petenz
848 1568 914 1627 n’en
934 1568 984 1627 iist
1004 1569 1110 1642 chloro,
1132 1571 1201 1629 ains
1222 1579 1312 1630 eerut
1326 1589 1389 1630 vers

238 1690 290 1732 een
305 1674 418 1748 ehevel,
433 1675 481 1749 qni
492 1691 597 1734 encore
611 1673 745 1734 stendeit
758 1691 811 1734 sen
824 1679 942 1748 mestre,
957 1679 987 1734 et
1000 1675 1080 1734 seilli
1094 1691 1157 1752 sns;
1179 1677 1205 1734 si
1219 1677 1248 1736 le
1270 1679 1389 1737 breiebs

163 1839 171 1858 Ι
237 1779 287 1838 des
308 1796 446 1853 esperone
467 1797 522 1854 per
542 1784 633 1854 grant
653 1779 700 1838 eir
719 1785 750 1838 et
769 1779 832 1838 e'en
853 1779 917 1840 vint
945 1795 1013 1840 vers
1043 1797 1097 1839 sen
1117 1781 1294 1842 edverseire
1315 1790 1346 1842 et
1363 1783 1389 1842 le

236 1884 305 1943 fiert
325 1884 372 1944 del
393 1885 440 1959 pie
461 1885 497 1944 de
518 1885 604 1944 deses
624 1884 653 1943 le
677 1883 781 1944 ebeval
805 1885 845 1958 si,
873 1884 944 1959 qn’il
970 1884 1075 1945 i’ebeti
1102 1903 1122 1945 e
1149 1891 1213 1945 tere
1241 1893 1275 1945 et
1301 1887 1389 1948 line

236 1989 319 2048 veler
344 1989 452 2063 l’espee
480 1989 527 2048 del
553 1989 644 2063 peing
671 1995 702 2048 et
731 1991 792 2048 s'en
819 2006 906 2064 pesse
936 1996 1029 2050 entre.
1071 1991 1170 2063 Qesnt
1189 1990 1333 2066 Merqnes
1358 2011 1387 2052 ee

235 2097 313 2156 senti
335 2115 353 2156 a
372 2102 452 2170 tere,
481 2096 507 2154 si
527 2095 558 2155 m
578 2096 651 2154 iriez
672 2101 703 2154 et
722 2095 802 2155 eeilli
822 2113 872 2155 see
892 2102 923 2156 et
942 2099 1053 2171 reprist
1071 2098 1191 2172 s’espee.
1233 2098 1252 2156 3
1275 2099 1319 2157 Es
1340 2115 1388 2158 ves

235 2220 290 2277 qne
310 2202 427 2262 Pstsnz
447 2201 469 2259 li
489 2201 588 2260 revint
607 2217 662 2276 per
681 2200 744 2260 iere
764 2201 858 2274 nebel,
889 2217 970 2260 eeme
995 2201 1018 2259 il
1045 2207 1078 2260 et
1104 2200 1149 2261 iet
1170 2203 1299 2278 devant,
1331 2221 1389 2264 mes

234 2309 371 2382 Merques
391 2308 413 2367 li
433 2309 482 2366 fist
502 2307 568 2368 veie
588 2313 619 2367 et
638 2307 667 2366 le
686 2306 743 2366 ieri
764 2307 799 2366 de
819 2308 931 2382 e'espee
951 2325 989 2368 eu
1017 2325 1121 2383 passer
1147 2317 1178 2367 et
1205 2309 1322 2369 l'esene
1342 2327 1391 2369 ser

235 2415 266 2473 le
286 2414 380 2473 emisse
400 2419 532 2473 senestre
552 2412 589 2471 de
608 2411 651 2470 tel
671 2411 725 2485 air,
747 2413 818 2486 qn’il
837 2413 860 2472 li
881 2429 974 2487 eeupe
993 2419 1057 2472 tete
1077 2414 1160 2487 hers,
1182 2415 1208 2472 si
1230 2431 1290 2488 qne
1311 2431 1392 2475 erne

233 2521 301 2578 nnle
322 2535 358 2578 ne
378 2519 436 2578 l'en
456 2525 508 2592 pet
528 2517 683 2594 gerentir3
712 2517 803 2577 edent
829 2536 866 2578 ne
894 2524 947 2592 pet
971 2519 1089 2579 Petanz
1118 2525 1196 2578 estre
1225 2536 1246 2579 e
1274 2519 1390 2594 ehevnl,

234 2625 302 2683 sinz
324 2623 389 2682 ehai
406 2623 465 2698 jus.
506 2624 527 2681 4
545 2623 646 2682 Adent
665 2627 770 2683 eeerut
789 2623 927 2698 bierqnes
948 2624 1010 2683 eele
1029 2629 1098 2698 pert
1118 2631 1148 2683 et
1168 2624 1190 2682 li
1211 2624 1290 2684 dist:
1315 2625 1390 2699 ,Pe-

233 2735 319 2803 tenz,
351 2733 418 2788 rent
437 2727 515 2787 tei!“
548 2727 665 2787 Petenn
692 2743 724 2787 se
751 2727 842 2802 giseit
870 2715 920 2788 ten
941 2745 1060 2802 envers,
1091 2729 1117 2788 sl
1136 2745 1173 2788 ne
1193 2729 1257 2789 dist
1277 2736 1342 2790 met
1362 2737 1392 2791 et

234 2833 371 2908 Marqnes
392 2833 547 2907 s'epreehs
567 2834 603 2892 de
623 2833 674 2908 lui,
695 2833 719 2892 el
737 2833 897 2894 lireeerde
912 2851 946 2894 se
959 2833 1044 2911 leeen
1064 2835 1130 2894 etii
1143 2835 1216 2893 dist:
1243 2835 1390 2910 ,Petrus

231 2943 299 2997 rent
319 2937 395 2997 teii“
419 2939 459 2997 Et
479 2937 595 2997 Petenz
615 2955 653 2998 ne
673 2938 734 2998 dist
753 2945 823 3014 met,
844 2940 911 2998 eins
932 2938 1027 3015 beree
1046 2939 1075 2998 le
1093 2927 1141 3013 pi'e
1155 2939 1313 3028 destrede
1326 2947 1391 3002 tent

232 3045 268 3103 de
288 3045 440 3118 membres,
461 3043 573 3104 eemeil
589 3043 680 3117 aveit,
702 3043 814 3124 [77⁸11
837 3049 868 3103 et
886 3043 942 3102 ieri
962 3044 989 3102 si
1003 3043 1126 3117 Merqne
1141 3043 1218 3103 enmi
1232 3044 1263 3103 le
1275 3053 1390 3118 ventre,

232 3148 303 3222 qn'il
322 3147 427 3207 l’ebeti
447 3164 497 3206 ser
525 3147 554 3207 le
581 3147 628 3206 eul
655 3153 686 3207 et
713 3147 736 3206 li
764 3147 857 3206 telis
885 3148 953 3206 bien
980 3164 1048 3221 pres
1075 3148 1107 3207 le
1133 3147 1248 3222 perele.
1292 3150 1390 3223 Qunnt

230 3253 369 3328 Merqnes
389 3253 494 3327 vitoe,
515 3253 542 3312 si
562 3269 593 3312 se
612 3251 681 3314 leve
701 3257 731 3311 et
751 3267 783 3311 se
802 3251 879 3327 prist
897 3268 916 3311 e
936 3252 1067 3326 seignier
1087 3257 1117 3311 et
1138 3251 1214 3312 dist:
1241 3253 1311 3328 ,Tn
1329 3256 1388 3315 n'es

231 3375 284 3432 pes
305 3359 380 3432 hem,
402 3357 469 3417 eins
490 3373 522 3417 es
543 3357 624 3416 eretz
645 3357 791 3416 deebies.‘

309 3463 335 3521 A
356 3469 423 3522 tent
441 3463 571 3537 regards
590 3462 727 3537 bierques
748 3479 816 3522 vers
836 3461 880 3522 les
900 3467 997 3522 tentes
1014 3467 1045 3522 et
1062 3463 1106 3524 vit
1123 3463 1208 3524 venir
1219 3463 1386 3526 chevaliers

231 3574 279 3627 tez
301 3585 399 3629 ermez
421 3587 440 3628 e
460 3585 530 3628 eene
551 3575 581 3626 et
603 3585 622 3627 e
642 3567 768 3642 miliere,
790 3568 839 3642 qui
859 3569 918 3627 tuit
939 3569 1078 3628 veneient
1096 3584 1152 3642 per
1171 3567 1215 3627 lui
1238 3569 1331 3630 eeire
1370 3571 1385 3627 2

232 3673 331 3745 Quent
351 3673 489 3748 Marqnes
509 3675 555 3734 vit
575 3691 616 3748 ee,
637 3675 663 3732 si
683 3674 871 3734 s'envinten
892 3675 1019 3733 destrier
1031 3673 1145 3733 Patent
1160 3679 1192 3732 et
1201 3683 1310 3736 mente
1329 3693 1384 3750 ene,

232 3780 257 3838 si
280 3797 311 3838 se
331 3781 401 3840 mist
421 3799 439 3840 e
459 3781 490 3840 le
511 3781 576 3841 veie
596 3797 665 3841 vers
684 3779 715 3838 ls
736 3781 794 3839 eite
815 3784 846 3838 et
858 3779 926 3838 bien
943 3779 1004 3838 s'en
1025 3778 1195 3854 inerpertis
1215 3781 1386 3842 sensaveir

231 3886 429 3959 eneembrier,
455 3891 548 3960 quent
568 3885 590 3946 li
610 3903 665 3945 uns
685 3885 707 3945 li
729 3885 833 3945 eserie:
858 3885 982 3960 ,Leres,
1003 3902 1068 3946 mer
1088 3900 1124 3944 en
1144 3883 1255 3943 ireizi⁸
1287 3887 1385 3959 Queat

230 3987 369 4062 Merques
389 3990 418 4048 ei
439 4006 479 4063 ee,
502 3991 527 4048 si
547 3989 677 4062 regeres
697 3989 809 4048 deriers
830 3990 874 4048 sei
895 3995 925 4048 et
944 3991 991 4050 vit
1011 3989 1101 4064 eelni,
1132 3989 1183 4064 qni
1204 3991 1302 4051 eserie
1321 3992 1383 4064 l'et,

228 4093 371 4167 esleignie
391 4093 442 4154 des
463 4101 564 4154 autres
583 4095 650 4168 plus
671 4095 706 4154 de
728 4095 776 4154 .ΙΙ.
798 4095 944 4170 erehiees;
977 4099 995 4155 3
1020 4095 1080 4154 lere
1104 4095 1210 4155 seiebe
1230 4113 1252 4156 s
1273 4099 1320 4156 sei
1340 4113 1385 4156 ses

227 4215 328 4258 resnes
348 4201 421 4260 etii
441 4201 506 4261 vint
525 4219 544 4260 e
564 4201 725 4260 l’eneentre
746 4207 777 4259 et
797 4200 834 4259 eil
854 4201 883 4259 ie
903 4199 970 4258 fiert
990 4200 1026 4259 de
1045 4201 1153 4275 l’eepee
1167 4217 1218 4259 ser
1232 4201 1328 4262 l’eeen
1350 4203 1383 4274 ei,

228 4319 283 4378 qne
303 4304 326 4362 il
345 4305 368 4364 li
388 4321 485 4381 peree,
506 4321 568 4366 mes
588 4307 616 4366 le
636 4307 763 4368 haubert
782 4323 820 4367 ne
839 4313 892 4382 pet
911 4307 934 4366 il
955 4307 1106 4382 empirier,
1127 4307 1196 4367 sinn
1217 4307 1333 4370 freisss
1352 4327 1386 4369 ee

229 4409 330 4484 lenee3
357 4415 387 4468 et
406 4409 544 4485 Merques
571 4411 599 4471 le
619 4412 687 4472 fiert
707 4413 742 4473 de
762 4413 869 4488 l’espee
890 4411 987 4472 serie
1007 4412 1144 4487 beaune,
1176 4413 1204 4472 si
1233 4431 1290 4489 qne
1316 4415 1340 4474 il
1359 4415 1387 4474 le
