3072 4936
693 361 754 431 115

144 543 401 606 connumeratos.
447 537 532 604 Nam
554 537 586 602 in
603 532 844 604 Diesenbofen¹
866 535 1099 619 erat'tempore
1120 535 1296 602 iuventutis

146 669 227 712 meae
243 643 292 709 vir
306 643 460 728 praedives
475 639 604 708 Ulrious
620 639 733 708 Ulmer
747 640 885 717 nomine,
901 639 1004 703 socius
1020 639 1185 722 nobilium,
1207 641 1296 706 ouius

145 773 228 816 uxor
244 771 322 814 auro
344 748 473 833 fulgens
488 746 567 812 mihi
591 746 694 812 adhuc
716 767 814 830 puero
831 744 954 828 stupori
977 748 1060 823 erat;
1084 745 1167 810 unde
1190 751 1297 812 autem

145 860 237 921 ortus
260 853 359 920 fuerit
374 853 488 920 Ulmer
509 852 569 916 iste
585 851 708 936 ignoro.
754 849 802 915 De
824 849 942 914 nostris
967 871 1040 914 vero
1056 847 1296 916 Ulmerensibus

145 958 341 1044 ambiguitas
365 956 455 1022 nulla
477 960 541 1035 est,
576 955 652 1040 quin
678 953 774 1020 Ulma
804 953 899 1039 louge
930 957 1005 1020 ante
1028 977 1128 1020 avum
1152 960 1297 1020 nostrum

145 1086 200 1128 eos
233 1063 419 1150 produxerit
448 1083 486 1126 ex
522 1063 648 1125 vetusta
679 1063 711 1124 et
743 1057 923 1122 honorabili
952 1059 1061 1144 stirpe.
1116 1057 1296 1124 Consonum

145 1168 233 1234 euim
255 1167 372 1234 rationi
395 1172 459 1246 est,
494 1188 546 1232 eos
569 1164 739 1250 aliquando
763 1185 879 1228 nomen
902 1163 990 1228 aliud
1012 1163 1178 1243 babuisse,
1209 1169 1241 1230 et
1263 1165 1296 1228 iu

144 1273 374 1340 constitutione
396 1272 536 1338 civitatis
552 1269 714 1336 Ulmensis
739 1292 811 1334 eum
834 1269 906 1334 aliia
921 1269 1083 1335 nobilibus
1099 1271 1296 1351 adventasse,

145 1383 180 1444 et
202 1385 332 1464 propter
353 1377 414 1444 hoo
441 1376 569 1444 nomine
591 1398 648 1442 suo
672 1375 813 1460 perdito,
843 1397 957 1440 nomen
980 1398 999 1440 a
1021 1375 1151 1440 civitate
1173 1373 1297 1440 heredi·

148 1491 243 1550 tasse.
291 1482 488 1569 Antiquitati
503 1504 612 1547 eorum
628 1485 822 1546 attestantur
838 1480 913 1545 libri
930 1479 1134 1545 vetustissimi
1147 1501 1295 1544 censuum

146 1589 287 1656 civitatis
309 1587 471 1654 Ulmensis
493 1591 526 1652 et
548 1585 635 1652 vicus
658 1586 698 1650 ab
722 1585 766 1650 eis
789 1585 981 1650 nominatus.
1012 1608 1087 1650 nam
1110 1585 1143 1648 in
1167 1607 1204 1649 eo
1227 1585 1296 1650 loco

146 1717 246 1779 prope
276 1717 402 1760 murum
434 1692 572 1758 civitatis
602 1691 636 1756 in
672 1690 877 1775 ampliatione
913 1690 1034 1755 curiam
1061 1690 1298 1755 aedificaverunt

147 1801 249 1866 latam
281 1804 312 1866 et
343 1797 531 1882 spatiosam,
563 1801 595 1862 et
622 1797 786 1862 dicebatur
815 1797 903 1862 curia
925 1795 1177 1863 Ulmerensium:
1211 1796 1298 1860 vicus

148 1926 223 1970 vera
246 1927 265 1968 a
286 1904 375 1968 curia
390 1908 558 1988 protensus
581 1902 665 1968 idam
687 1925 800 1967 nomeu
818 1902 951 1968 sortitus
972 1906 1020 1966 est
1043 1924 1143 1986 usque
1164 1901 1197 1964 in
1215 1901 1299 1964 huno

146 2009 240 2074 diem.
291 2007 454 2086 Quomodo
484 2012 590 2072 autem
618 2006 652 2071 in
682 2006 873 2072 zunftalium
903 2008 1046 2072 ordinem
1069 2007 1297 2086 descenderint,

146 2113 260 2179 dicunt
281 2112 398 2198 aliqui,
431 2113 516 2198 quod
546 2112 706 2196 quondam
739 2135 820 2178 uuus
844 2112 1039 2178 Ulmerensis
1074 2133 1172 2176 sinum
1199 2109 1297 2176 alium

146 2217 289 2284 nobilem
311 2215 412 2284 civem
435 2215 627 2292 Ulmensem,
651 2216 702 2282 cui
722 2216 958 2296 inimicabatur,
982 2215 1144 2282 interemit
1166 2215 1199 2280 in
1222 2238 1299 2280 oon·

145 2324 299 2404 tentione,
323 2323 416 2390 amici
439 2327 544 2388 autem
561 2322 744 2406 interempti
766 2327 878 2388 contra
891 2321 1127 2414 Ulmetensium
1142 2318 1298 2386 familiam

147 2429 407 2508 insurrexerunt,
435 2449 567 2514 eamque
591 2428 788 2494 conabantur
810 2429 996 2514 extinguere
1018 2427 1069 2493 vel
1092 2427 1297 2512 supprimere,

145 2539 341 2622 quapropter
363 2531 487 2600 familia
510 2533 576 2598 baec
602 2533 731 2598 dorsum
752 2533 815 2598 sibi
838 2556 981 2619 quarens
1004 2533 1121 2599 zunftae
1136 2531 1298 2597 lanificuru

145 2639 268 2705 sociata
290 2638 364 2720 fuit,
389 2641 464 2726 quia
486 2643 563 2705 tuuc
586 2638 738 2723 temporis
762 2639 910 2720 lanifioes,
936 2640 1113 2726 vulgariter
1135 2659 1261 2704 meruer
1274 2635 1296 2718 ¹,

145 2743 260 2830 magui
282 2749 314 2810 et
330 2749 476 2829 potentes
499 2747 591 2808 eraut
613 2744 646 2807 in
661 2741 769 2822 Ulma,
793 2747 825 2808 et
848 2767 940 2829 quem
957 2743 1019 2830 ipsi
1043 2743 1182 2809 lanifices
1206 2741 1296 2807 fove·

146 2849 237 2928 bant,
261 2848 369 2914 nullus
392 2857 506 2914 contra
529 2871 600 2914 eum
623 2869 719 2912 ausus
741 2847 806 2914 fuit
827 2855 921 2915 stare.
966 2848 1033 2915 Alii
1056 2850 1182 2928 dicunt,
1213 2847 1297 2934 quod

147 2959 282 3042 propter
305 2953 462 3020 defectum
495 2977 600 3020 rerum
631 2954 870 3039 temporalium,
901 2958 938 3020 ut
967 2977 1063 3040 supra
1097 2955 1297 3034 dictumest,

147 3063 270 3124 etatum
293 3057 410 3124 civium
433 3059 545 3125 ducere
567 3081 631 3124 non
654 3059 805 3140 valentes,
829 3059 1057 3125 abdicaverunt
1079 3057 1159 3138 alta,
1189 3063 1221 3124 et
1243 3081 1296 3122 ne·

147 3161 383 3250 gotiationibus
406 3165 563 3230 vacabant
584 3163 775 3228 zunftalium
798 3165 1018 3230 connumerati
1040 3164 1124 3228 iuter
1148 3185 1209 3228 eos.

609 3339 842 3426 Greglren⁸.

239 3475 468 3565 Greggeusium
501 3479 624 3545 familia
646 3479 847 3548 Ulmensium
881 3481 1016 3565 antiquae
1046 3477 1225 3544 nobilitatis
1248 3477 1298 3542 in·

147 3581 252 3668 signis
284 3579 410 3648 Ulmam
448 3583 543 3672 longe
577 3589 651 3650 aute
681 3591 790 3650 nostra
822 3591 965 3672 tempora
997 3585 1034 3650 de
1067 3583 1092 3649 F
1095 3583 1243 3650 renconis
1280 3607 1299 3647 a

146 3685 382 3768 Kochadorff⁴,
415 3687 537 3776 Cogaui
561 3689 646 3770 villa,
671 3691 869 3772 adventavit,
902 3691 958 3758 ubi
987 3690 1073 3756 civili
1096 3689 1202 3756 dedita
1225 3689 1298 3755 vitae

715 3827 732 3866 *

222 3923 235 3978 1
261 3923 450 3996 Dyeeenhofen
466 3925 538 3982 Mon.
553 3927 578 3980 2.
596 3925 696 3984 Schad.
733 3927 917 3984 Dieeenbolen
929 3926 1014 3982 Wibl.
1030 3925 1099 3982 aok.
1112 3923 1185 3982 Beer.
1223 3923 1299 3980 Diet-

148 4011 283 4066 eeuboleu
303 4011 422 4067 Schmid.
460 4012 658 4070 Dieeseubolen
678 4013 722 4068 Kl.
799 4016 816 4068 2
836 4016 922 4085 vulgo
940 4015 1052 4070 ldarner
1070 4013 1191 4068 Sabmid.
1211 4011 1298 4068 Wibl.

149 4097 221 4154 Golr.
259 4100 416 4170 vulgariter
436 4103 546 4157 Marner
565 4105 638 4157 Besa.
675 4101 832 4170 vulgariter
850 4103 972 4158 Mariner
990 4101 1062 4158 Mon.
1083 4102 1107 4156 2.
1144 4100 1298 4156 3Greclren

152 4187 197 4241 lll.
231 4187 565 4257 DeGreggeusibusllon.
576 4191 600 4242 2.
626 4189 665 4244 De
678 4188 884 4260 Greggeneiboe
897 4207 950 4245 ron
965 4189 1133 4246 Koebadorff
1143 4187 1212 4242 Golr.
1226 4186 1298 4240 Beer.

148 4277 166 4330 4
186 4275 386 4331 Marktfleolren
405 4277 555 4331 unterhalb
576 4277 744 4340 lleilbronu,
774 4295 810 4332 au
829 4277 878 4332 der
897 4280 1044 4348 mondung
1063 4278 1111 4333 des
1132 4275 1251 4331 llooherr
1267 4274 1298 4327 in

152 4362 206 4418 dan
225 4362 345 4420 Nectar.
381 4363 551 4420 Kochadorff
569 4365 640 4420 lllou.
660 4369 684 4420 2.
703 4365 771 4429 (toln
786 4363 858 4420 Besa.
895 4362 1191 4422 KoohendorffSchad.
1213 4361 1298 4418 Wibl.

151 4449 195 4504 Kl.
232 4449 385 4510 Kochdord
400 4450 518 4508 Sabmid.
556 4451 662 4523 Cogunt
681 4454 753 4509 fehlt
772 4453 816 4509 bei
835 4452 933 4510 Sclrad.
954 4453 996 4508 Kl.
1017 4452 1101 4508 Wibl.
1122 4449 1241 4506 Sabmid.
