3014 4926
662 377 723 456 let

275 556 367 628 Jesus
389 582 498 628 omnes
520 563 685 649 alloquens
707 565 753 630 sie
774 561 936 649 respondit
958 559 1004 630 ei:

181 713 183 718 ,
278 665 365 732 »Hoc
386 668 414 732 ei
439 667 526 732 vobis
549 667 658 734 dixero
680 669 761 734 mihi
783 690 848 734 non
870 668 1013 750 credetis,

273 769 308 837 Si
330 793 385 837 vos
407 771 655 859 interrogavero,
679 796 736 840 nee
758 773 838 839 mihi
860 775 1073 859 respondetis;

274 873 342 942 Nee
363 875 451 942 abire
473 877 608 944 liberum
632 900 681 944 me
702 879 796 944 modo
819 878 997 959 dimittetis,

196 998 251 1038 ⁴⁶⁷⁶
277 979 396 1047 Tamen
419 981 479 1048 hoo
502 984 586 1068 quod
609 984 679 1048 dieo
702 984 793 1050 vobis
815 983 895 1050 seire
916 1005 1000 1049 nune
1022 981 1160 1058 debetis3

276 1087 303 1150 A
328 1086 422 1152 modo
443 1109 495 1154 me
517 1088 665 1154 videbitis
687 1111 781 1174 super
804 1111 859 1155 vos
882 1088 1041 1154 sedentem

277 1189 315 1256 ln
338 1193 450 1258 dextra
472 1193 523 1258 dei
544 1193 647 1258 filium
669 1195 818 1275 hominis,
841 1193 1012 1260 habentem

276 1295 439 1362 Virtutem
460 1302 557 1383 atque
578 1298 724 1385 gloriam,
749 1300 966 1384 mundumque
987 1299 1160 1383 regentem,

277 1398 329 1467 Ad
349 1401 552 1468 iudicandum
573 1403 713 1480 seculum
736 1404 769 1468 in
792 1403 877 1470 nube
898 1403 1107 1470 venientem«

200 1522 252 1561 ⁴⁸⁸⁰
282 1504 388 1592 »Ergo
410 1507 460 1573 dei
481 1507 566 1572 filine
589 1531 621 1574 es
634 1511 669 1574 l«
695 1507 742 1574 illi
765 1508 875 1574 dieunt
896 1508 934 1574 ei.

284 1610 369 1677 ’Vos
391 1613 535 1678 dixistis<
559 1611 654 1679 desus
676 1613 732 1691 ait,
758 1635 850 1678 »nam
872 1611 958 1678 filius
979 1635 1050 1678 sum
1072 1611 1160 1676 deit«

280 1713 370 1780 'Pone
393 1721 495 1782 vestes
517 1739 590 1784 suas
612 1717 752 1784 lacerans
776 1716 921 1804 pontifex
943 1717 1110 1784 clamavit:

287 1823 491 1890 ›Audietisne
513 1824 752 1910 blasphemiam,
775 1847 844 1891 ecoe
865 1823 1108 1908 blasphemavit,

286 1925 368 2004 Quid
393 1949 521 2014 egemus
543 1929 720 1995 restitues«
744 1929 849 1994 atilli
870 1928 1079 1994 frenduerunt

206 2049 260 2089 *ωδ
284 2031 322 2098 ln
344 2031 455 2100 Jesum
476 2034 541 2100 suis
564 2035 710 2100 dentibus
732 2035 902 2101 stridentes
923 2032 1154 2098 clamaverunt:

287 2137 430 2225 »Dignus
453 2143 511 2218 est,
534 2147 571 2204 ut
592 2139 789 2206 occidaturle
813 2139 905 2204 illum
926 2137 1104 2215 illudentes,

285 2240 322 2307 ln
345 2265 436 2308 suam
457 2243 718 2332 benignissimam
740 2243 852 2310 faeiem
876 2247 1033 2330 spuentes,

286 2345 434 2434 Golnphia
456 2353 489 2414 et
511 2349 612 2434 alapis
635 2349 720 2414 buno
741 2347 888 2434 plurimis
910 2347 1053 2412 cedentes

286 2450 489 2535 Afflixerunt,
512 2455 645 2521 barbam
666 2454 733 2521 eius
755 2457 923 2520 traxerunt
944 2439 1121 2518 evellentes.

313 2766 416 2854 Quod
444 2770 554 2848 desus
581 2772 716 2848 duetus
744 2777 803 2846 est
829 2772 876 2845 ad
903 2769 1080 2892 Piletum.

214 2993 264 3032 ⁴⁶⁸0
289 2974 367 3042 (lum
388 2977 455 3044 dies
476 2977 541 3044 iam
563 2978 756 3058 olnreseeret,
779 2977 918 3063 presides
939 2976 1075 3063 ligatum

289 3079 420 3148 Duleem
442 3081 552 3148 desum
575 3083 773 3149 deduxerunt
795 3083 835 3148 ad
856 3081 1009 3166 presidem
1033 3079 1182 3146 Pilatum.

289 3183 411 3252 Pilatus
433 3187 480 3252 ait
502 3187 540 3253 ad
564 3209 635 3254 eos:
662 3187 776 3253 »Hune
796 3209 853 3252 eur
875 3186 1076 3252 adduxistis?

290 3289 372 3367 Quid
392 3293 478 3359 enim
499 3295 575 3360 mali
599 3293 674 3360 feeit
693 3293 756 3374 hio,
779 3314 835 3358 our
856 3291 947 3358 illum
970 3312 1025 3356 vos
1047 3289 1219 3374 oepistisic

290 3393 462 3462 Dixerunt:
488 3397 575 3464 »Nos
597 3399 775 3465 invenimus
796 3399 901 3482 ipsum
924 3396 1145 3482 prohibentem

219 3517 267 3556 ⁴⁵⁹⁶
292 3498 428 3568 Tributa
451 3503 519 3570 dari
541 3503 656 3584 Generi,
680 3523 802 3570 noanon
824 3505 1055 3588 pervertentem

291 3603 411 3672 Nostra
432 3608 613 3689 cerimonia,
636 3608 738 3694 legem
761 3611 857 3693 atque
879 3609 1018 3693 gentem,

292 3712 398 3796 Atque
421 3712 511 3780 nobis
533 3714 692 3799 quandam
713 3735 829 3778 novam
850 3712 1027 3778 doctrinam
1046 3710 1276 3776 inducentem<

295 3813 417 3884 Pilatus
439 3819 501 3886 ait:
527 3819 635 3905 »Ergo
656 3803 712 3884 vos
734 3818 819 3883 hune
841 3816 1002 3902 aoeipiatis

295 3919 338 3986 Et
359 3925 528 3988 seeundum
551 3925 653 4011 legem
676 3927 816 3990 vostram
837 3923 942 4008 ipsum
964 3921 1142 3987 oooidatisA

221 4042 270 4082 *Μ
297 4023 1280 4115 ›Nonlioetuobis‹responderunt,›utquemquamoooidamue,

297 4129 354 4196 Sed
377 4134 416 4198 ad
438 4133 640 4199 occidendum
663 4155 733 4199 eum
757 4132 817 4198 tibi
840 4136 1087 4217 presentamus<

300 4233 365 4300 »Tu
388 4259 419 4303 es
441 4236 615 4304 Judeorum
638 4261 711 4304 rex«
736 4237 775 4302 ad
797 4235 908 4302 desum
931 4241 1007 4302 tune
1028 4233 1151 4300 Pilatus

298 4337 363 4419 Ait,
385 4365 481 4428 quum
503 4365 611 4410 eoram
632 4366 669 4410 eo
691 4343 797 4409 stabat
819 4341 872 4407 bie
893 4339 1042 4427 ligatos«

303 4443 382 4512 »Gur
403 4449 442 4514 ad
463 4453 597 4516 mortem
621 4454 677 4515 tua
698 4471 776 4538 gens
799 4452 831 4514 te
853 4445 963 4526 tradit,
986 4445 1063 4532 quid
1085 4440 1234 4508 fecistilr
