3072 4936
773 353 835 419 140

228 531 359 610 Suesia,
394 530 478 595 unde
501 529 598 594 nullis
621 529 761 614 antiquis
792 528 951 594 codicibus
974 527 1165 612 inscriptum
1192 529 1383 612 reperimus.

230 637 296 703 Sub
320 637 412 700 unius
436 635 520 700 enim
543 635 670 700 abbatis
694 634 848 719 regimine
870 634 970 719 longa
995 635 1132 698 marcuit
1153 633 1270 699 inertia
1293 636 1386 700 etin

232 764 265 807 se
288 741 452 806 tabescens
485 739 684 805 somnolento
706 762 838 824 corpore
861 740 1008 824 depressa
1037 762 1094 804 nec
1116 740 1242 805 ratione
1265 739 1385 825 viguit,

134 855 291 937 1Quae
312 847 433 911 divitiis
455 845 574 925 floruit,
598 867 655 910 nec
677 845 882 910 multitudine
905 846 1022 924 crevit,
1046 845 1100 910 sed
1123 845 1232 910 vivens
1254 851 1386 911 mortua

232 953 300 1017 sine
322 952 450 1016 nomine
472 955 504 1016 et
526 949 614 1015 fama
636 951 727 1035 quasi
750 949 860 1034 cyfra¹
884 951 983 1015 stetit.
1007 951 1114 1015 subito
1137 954 1244 1016 autem
1259 950 1385 1017 baerens

233 1057 325 1121 fatali
357 1061 436 1122 rotae
458 1059 492 1120 in
515 1056 672 1120 excelsum
702 1059 750 1120 est
773 1059 861 1135 acta,
895 1059 926 1120 et
949 1056 1032 1121 inter
1063 1055 1219 1141 gloriosas
1242 1060 1276 1122 et
1298 1058 1386 1122 anti-

233 1162 400 1246 quissimas
424 1181 461 1226 ac
482 1161 654 1226 ditissimus
677 1165 726 1226 est
748 1160 868 1240 locata,
900 1161 1065 1225 nominata
1087 1165 1120 1226 et
1142 1160 1266 1226 famosa
1287 1161 1386 1242 facta,

234 1267 311 1332 adeo
335 1271 372 1331 ut
394 1288 478 1331 nunc
500 1266 628 1331 domina
650 1266 693 1331 sit
707 1265 978 1331 nobilissimorum
1001 1267 1211 1331 comitatuum
1233 1270 1266 1332 et
1288 1266 1387 1332 baro-

234 1372 377 1452 niarum,
399 1372 629 1452 dominiorum,
661 1372 867 1457 oppidorum,
891 1371 1059 1452 villarum,
1082 1375 1276 1452 castrorum,
1300 1393 1387 1437 cam·

234 1498 357 1560 porum,
374 1476 537 1557 silvarum,
554 1476 734 1562 habeatque
748 1475 890 1542 illustres
906 1478 1047 1557 comites,
1064 1498 1234 1563 generosos
1250 1477 1388 1544 barones

235 1586 267 1646 et
289 1587 434 1647 strenuos
456 1581 592 1661 milites,
621 1604 656 1646 ac
678 1581 820 1667 insignes
853 1583 1078 1667 quamplures
1101 1581 1243 1662 nobiles,
1278 1605 1388 1650 servos

236 1691 267 1752 et
298 1687 451 1766 famulos,
486 1689 591 1772 sitque
621 1688 787 1753 horrendis
811 1689 1006 1773 principibus
1035 1689 1198 1754 formidini
1211 1686 1241 1768 ¹,
1274 1693 1388 1754 contra

236 1813 315 1876 quos
338 1792 524 1878 plerumque
546 1793 660 1878 proelia
681 1793 882 1859 concitantur
905 1817 943 1859 cx
966 1817 1019 1874 ca,
1049 1796 1088 1860 ad
1112 1817 1208 1880 quarn
1230 1798 1390 1880 tanquam

237 1897 276 1961 ad
299 1902 396 1982 caput
416 1900 486 1962 tota
508 1895 624 1963 Suevia
646 1901 824 1983 respectum
847 1898 955 1964 habet.
985 1898 1189 1992 'Observatio
1212 1899 1298 1964 enim
1320 1904 1389 1964 tra-

238 2003 375 2070 ditarum
399 2025 529 2067 suarum
550 2001 659 2088 legum
681 2003 802 2068 civibus
834 2002 899 2069 illis
922 2004 1029 2069 oculos
1053 2004 1194 2089 aperuit,
1228 2005 1389 2070 rationem

238 2109 332 2188 acuit,
356 2108 530 2187 audaciam,
554 2108 645 2189 vires,
669 2109 847 2192 potentiam
870 2113 902 2175 et
925 2109 1053 2176 divitias
1075 2109 1194 2174 attulit.

325 2215 369 2280 Et
392 2215 476 2300 quod
498 2214 615 2280 mirum
637 2216 722 2280 dictu
747 2219 809 2296 est,
844 2216 984 2300 quinque
1006 2217 1176 2302 magnifica
1198 2219 1230 2280 et
1252 2215 1392 2300 grandia

238 2341 334 2404 opera
357 2320 500 2406 aggressi
516 2323 600 2400 sunt,
624 2342 696 2404 quae
711 2321 802 2405 quasi
819 2342 882 2385 uno
905 2325 937 2386 et
952 2322 1060 2386 eodem
1076 2325 1219 2404 tempore
1234 2320 1269 2384 in
1284 2321 1390 2404 spatio

239 2426 473 2511 quinquaginta
502 2447 658 2490 annorum
689 2425 907 2510 perfecerunt,
937 2447 1008 2510 quae
1039 2425 1066 2489 si
1097 2425 1167 2510 quis
1196 2429 1311 2508 potens
1334 2447 1390 2490 rex

239 2531 333 2595 simul
348 2530 484 2610 fecisset,
509 2529 618 2614 procul
636 2529 732 2595 dubio
748 2530 971 2615 magnanimus
995 2535 1026 2594 et
1042 2530 1145 2595 audax
1165 2534 1263 2614 atque
1277 2533 1392 2615 potens

240 2635 429 2720 praedicatus
444 2634 567 2700 fuisset.
591 2635 659 2700 haec
682 2635 823 2721 quinque
838 2633 1006 2701 Ulmenses
1028 2634 1136 2699 eodem
1153 2638 1296 2718 tempore
1318 2657 1392 2720 per-

239 2740 393 2820 fecerunt,
410 2741 493 2806 sicut
507 2739 640 2825 patebit.
664 2740 803 2824 primurn
818 2741 882 2804 fuit
891 2739 1030 2804 civitatis
1047 2739 1192 2804 munitio
1217 2741 1392 2804 seeundum

241 2846 378 2912 ecclesia
402 2845 503 2910 beatae
527 2845 672 2931 Virginis
694 2846 850 2912 fundatio.
886 2845 1018 2911 tertium
1039 2845 1227 2930 proeliorum
1249 2848 1282 2910 et
1305 2845 1391 2910 obsi-

242 2951 372 3017 dionum
395 2951 564 3035 perpessio.
588 2955 739 3035 quartum
756 2951 967 3015 dominiorum
990 2951 1024 3014 in
1039 2971 1120 3035 gyro
1143 2950 1272 3034 emptio
1298 2951 1392 3035 quin-

240 3063 310 3122 tum
333 3055 472 3121 civitatis
496 3078 515 3119 a
538 3055 702 3120 monachis
725 3055 900 3140 redemptio
918 3055 941 3120 ⁸.

327 3161 377 3226 De
399 3162 502 3246 primo
518 3162 703 3241 notandum,
727 3161 812 3246 quod
834 3162 909 3226 dum
931 3161 1044 3226 civitas
1060 3158 1222 3226 Ulmensis
1240 3161 1394 3246 ampliata

241 3273 332 3348 esset,
356 3271 512 3351 utsupra
535 3266 656 3332 dictum
678 3271 741 3347 est,
775 3267 886 3332 multis
909 3268 1001 3332 annis
1024 3267 1116 3332 stetit
1137 3267 1206 3332 siue
1228 3289 1393 3332 murorum

242 3373 383 3452 ambitu,
414 3371 536 3438 civibus
560 3373 593 3437 in
623 3373 780 3438 erectione
803 3373 1004 3458 propriarum
1032 3373 1198 3437 domorum
1220 3373 1391 3458 occupatis.

243 3483 427 3564 atempore
456 3478 541 3543 enim
564 3476 699 3542 Oonradi
729 3479 831 3562 regis,
863 3477 918 3562 qui
941 3476 1005 3541 fuit
1038 3499 1122 3542 anno
1156 3477 1276 3542 domini
1303 3477 1393 3556 1139,

243 3607 343 3669 usque
374 3583 413 3648 ad
437 3605 554 3648 annum
587 3583 815 3649 domini1300
846 3583 914 3647 sine
943 3581 1043 3648 muris
1067 3579 1164 3648 Ulma
1202 3582 1295 3666 quasi
1318 3581 1394 3646 villa

245 3689 344 3768 stetit,
368 3712 405 3754 ex
429 3711 492 3772 quo
514 3689 608 3754 hodie
630 3688 755 3754 famant
772 3686 901 3754 Ulmum
924 3687 1035 3752 villam
1058 3688 1164 3752 fuisse.
1208 3687 1301 3753 Cives
1318 3709 1393 3774 ergo

244 3801 406 3879 assumpto
423 3795 528 3860 animo
540 3795 659 3860 fossata
674 3795 824 3860 foderunt
840 3792 998 3879 profunda
1013 3815 1069 3878 per
1079 3815 1206 3878 gyrum,
1222 3797 1255 3858 et
1267 3815 1393 3858 murum

245 3925 316 3967 cum
338 3901 480 3966 turribus
495 3900 782 3980 circumduxerunt,
808 3921 923 3984 aquam
938 3899 1044 3965 Blavii
1067 3899 1252 3964 inducentes
1275 3903 1309 3964 et
1330 3899 1392 3964 cir-

810 4059 828 4100 *

315 4173 328 4225 l
347 4170 426 4240 cyfra
444 4168 576 4224 bedentet
587 4154 640 4224 das¹
651 4168 829 4225 zahlceichen
843 4169 868 4234 0,
887 4169 948 4224 eine
961 4168 1030 4223 null.
1086 4168 1102 4221 2
1115 4165 1265 4223 horrendis
1281 4167 1357 4222 Mon.
1373 4171 1395 4222 l.

245 4259 326 4316 Gold.
340 4260 381 4314 ut.
417 4256 561 4312 formidini
579 4257 726 4313 dieselben.
763 4257 933 4313 horrendum
957 4255 1129 4328 principibus
1148 4254 1313 4310 formidiunr
1334 4253 1396 4312 Sch.

245 4347 289 4400 Kl.
309 4345 395 4402 Wibl.
449 4345 465 4396 3
485 4345 550 4398 Haec
570 4343 692 4414 quinque
713 4345 946 4416 Vlmcnsesquasi
960 4345 1056 4401 eodem
1070 4347 1197 4415 tempore
1209 4343 1396 4414 perfecerunt,

245 4433 338 4502 sicque
356 4430 466 4503 patebit
485 4432 549 4500 fuge
566 4431 650 4486 hinnu
668 4431 760 4488 Scbm.
