3080 4938
785 363 827 431 66

235 547 289 609 vat
312 541 485 629 originem,
509 541 578 608 siue
600 544 827 609 recurvatione.
874 541 955 620 Quia
977 548 1083 610 autem
1106 543 1190 610 cives
1214 541 1384 613 Ulmenses

234 650 399 735 antiquam
431 649 609 714 nobilitatis
632 671 745 714 venam
774 671 839 712 non
862 655 1068 714 servaverunt
1096 672 1160 734 qua
1182 651 1259 716 olim
1282 653 1385 717 iuncti

233 751 395 821 nobilibus
418 759 518 834 erant,
541 754 612 818 ideo
635 777 718 818 nune
734 753 856 818 nobiles
881 754 1094 839 dedignantur
1118 755 1162 820 eis
1178 755 1385 824 familiariter

234 861 416 941 convivere,
448 883 505 926 nec
528 861 695 946 patiuntur
717 864 753 924 ut
776 859 817 923 ab
841 859 885 923 eis
909 860 1097 941 tibizentur,
1132 862 1218 945 quod
1241 863 1321 926 olim
1345 864 1384 927 ab

234 989 342 1032 eorum
364 966 509 1052 patribus
532 966 683 1031 volebant
705 963 829 1030 habere.

321 1071 442 1148 Quarta
474 1071 653 1136 differentia
683 1069 800 1134 civium
822 1074 890 1150 est,
923 1072 1005 1155 quod
1037 1072 1136 1156 aliqui
1169 1073 1331 1158 simplices
1353 1079 1386 1139 et

234 1199 340 1260 parvae
362 1177 578 1264 generationis
600 1176 707 1261 adepti
730 1177 878 1260 pecunias
902 1178 1033 1241 veniunt
1057 1177 1186 1243 Utinam
1218 1185 1385 1263 quaeruut-

234 1305 296 1367 que
319 1284 435 1348 civium
459 1283 617 1348 connubia
640 1286 672 1346 et
694 1281 727 1345 in
752 1281 868 1346 civium
891 1283 978 1347 tertii
1001 1284 1121 1348 ordinis
1149 1285 1253 1348 locum
1275 1306 1385 1350 asceu-

234 1390 331 1468 dunt,
365 1393 397 1454 et
424 1412 462 1454 ex
495 1386 654 1453 connubio
688 1391 719 1451 et
751 1386 859 1452 amicis
891 1387 1031 1452 melioris
1064 1389 1256 1454 conditionis
1291 1391 1383 1456 fiunt

235 1517 350 1577 parum
365 1495 450 1559 enim
472 1493 592 1560 divitiae
608 1499 743 1580 prosunt
766 1495 833 1559 sine
849 1493 920 1559 aliis
940 1495 1110 1580 requisitis.
1157 1495 1251 1562 Unde
1272 1520 1386 1562 sccun-

236 1600 310 1664 dum
334 1605 615 1665 commentatorem
631 1599 760 1665 Catonis
783 1603 884 1663 metro
900 1600 941 1664 40
965 1605 1056 1683 parte
1082 1601 1097 1664 1
1123 1601 1253 1680 divitiae,
1278 1603 1385 1667 sinon

235 1707 465 1772 concomitatur
490 1729 542 1771 eas
558 1705 709 1770 nobilitas
733 1708 764 1768 et
780 1709 973 1788 potentatus,
997 1727 1060 1769 non
1084 1704 1208 1770 faciunt
1222 1706 1386 1771 hominem

236 1810 370 1892 felicem,
395 1814 448 1878 sed
477 1813 636 1878 infelicem
658 1812 679 1876 i.
703 1833 729 1876 e.
761 1811 1002 1874 infortunatum.
1049 1810 1142 1876 Unda
1175 1810 1387 1896 philosophus

235 1922 328 1982 vocat
344 1917 473 1982 divitem
489 1917 664 2004 ignobilem
680 1916 879 1981 fortunatum
894 1915 1100 1997 insensatum,
1122 1915 1173 1981 vel
1187 1917 1387 1982 insensatum

236 2021 369 2090 felicem.
418 2022 464 2088 Ut
487 2046 563 2108 ergo
579 2023 693 2088 divites
715 2021 794 2086 facti
816 2022 850 2085 in
866 2022 1084 2107 negotiatione
1108 2023 1158 2088 vel
1179 2023 1259 2088 alias
1283 2023 1388 2088 felici·

237 2131 304 2193 tate
328 2130 466 2214 gaudere
489 2130 622 2214 possint,
639 2127 767 2194 Ulmam
790 2128 922 2192 veniunt
945 2133 977 2191 et
992 2127 1336 2222 civium'nobilitatem
1351 2151 1388 2193 ae

237 2239 428 2319 potestatem
461 2235 632 2320 acquirunt
664 2256 719 2318 per
742 2233 806 2298 alia
837 2233 951 2298 merita
980 2233 1213 2318 subsequentia.
1260 2233 1319 2298 Isti
1343 2233 1389 2298 sic

237 2340 314 2404 facti
346 2341 429 2405 cives
452 2346 483 2406 et
516 2341 638 2406 nobiles
669 2343 801 2425 possunt
828 2339 908 2404 bene
939 2340 1041 2404 dicere
1063 2339 1167 2404 illud¹
1203 2337 1298 2403 Zaeh.
1326 2339 1385 2404 11:

238 2445 426 2510 Benedictus
460 2447 605 2511 dominus
629 2446 705 2531 quia
734 2447 847 2511 divites
871 2445 948 2510 facti
971 2467 1088 2510 sumus.
1135 2443 1228 2510 Unde
1251 2445 1388 2510 Prover-

183 2633 189 2648 ἱ
236 2549 363 2615 biorum
385 2551 515 2616 ultimo:
547 2551 728 2616 Benedictio
751 2551 870 2616 domiui
894 2551 1007 2616 divites
1030 2549 1117 2615 lacit.
1163 2550 1256 2616 Tales
1280 2555 1388 2615 autem

238 2656 404 2739 praecipue
419 2679 476 2742 per
489 2657 715 2722 liberalitatem
733 2681 765 2722 sc
777 2657 945 2721 nobilitate
960 2657 1074 2742 dignos
1087 2661 1241 2742 aptusque
1253 2656 1387 2734 faciunt,

239 2761 315 2846 quia
337 2761 512 2826 liberalitas
536 2767 584 2827 est
607 2764 769 2847 proprium
794 2761 955 2828 nobilitati
986 2765 1036 2847 (ut
1059 2763 1178 2848 legitur
1201 2767 1233 2826 ct
1256 2767 1389 2826 notatur

237 2867 271 2930 in
295 2891 362 2952 cap.
389 2870 406 2933 1
431 2869 468 2933 de
491 2869 625 2952 donat).
1108 2877 1113 2888 '

327 2974 447 3050 Quinta
469 2975 648 3040 differentia
671 2977 838 3040 tertiorum
861 2975 977 3040 civium
999 2979 1057 3055 est,
1081 2974 1156 3059 quia
1179 2973 1290 3058 aliqui,
1314 2973 1388 3038 licet

239 3101 302 3144 non
326 3081 392 3145 sint
414 3080 537 3146 nobiles
560 3103 616 3146 nec
639 3081 761 3162 divites,
785 3087 860 3146 sunt
883 3087 986 3147 tamen
1018 3081 1051 3144 in
1076 3079 1169 3144 rebus
1192 3078 1314 3143 bellicis
1337 3079 1388 3143 in·

239 3186 353 3250 dustrii
376 3191 407 3251 et
431 3187 561 3252 audaces
584 3187 635 3251 vel
659 3187 737 3252 alias
761 3188 912 3272 insignes
936 3192 968 3251 et
992 3187 1072 3250 tales
1106 3183 1267 3248 venientes
1290 3181 1387 3265 recipi

240 3295 374 3374 possunt
397 3291 429 3355 in
454 3291 584 3355 illorum
606 3291 722 3356 civium
738 3292 940 3370 consortium,
964 3291 1130 3375 praecipue
1146 3289 1172 3354 si
1195 3289 1387 3353 connubium

240 3396 404 3460 accesserit
436 3397 520 3460 inter
542 3397 626 3461 cives
660 3397 747 3462 illius
770 3398 899 3462 ordinis.
950 3396 999 3460 Sic
1022 3395 1161 3461 Hesther
1195 3393 1386 3479 paupercula

240 3499 353 3564 Judaea
370 3506 533 3585 assumpta
558 3503 620 3566 fuit
642 3502 676 3565 in
699 3501 843 3587 reginam
860 3501 1027 3566 Persarum
1050 3505 1181 3584 propter
1196 3498 1387 3584 elegantiam

240 3610 272 3670 et
289 3611 488 3672 venustatem
504 3605 525 3688 2,
549 3607 663 3672 Hesth.
681 3609 710 3672 2.
749 3607 793 3671 Et
809 3605 885 3671 Saul
908 3607 1069 3670 asinorum
1084 3609 1194 3688 pastor
1217 3605 1335 3670 electus
1358 3605 1390 3667 in

241 3733 349 3796 regem
373 3710 470 3778 Israel
496 3714 565 3793 fuit,
590 3713 666 3798 quia
688 3719 757 3778 erat
779 3715 828 3778 vir
852 3714 953 3777 bonus
976 3717 1008 3777 et
1035 3733 1173 3796 procerae
1196 3716 1329 3776 staturae
1353 3709 1392 3774 ab

240 3818 373 3884 h'umero
406 3824 439 3886 et
472 3843 597 3886 sursum
631 3821 752 3885 cunctis
784 3819 1041 3904 supereminens⁸
1077 3819 1094 3882 1
1131 3815 1254 3903 Rege
1286 3821 1318 3881 et
1344 3815 1392 3879 10.

240 3925 284 3989 Et
301 3925 413 4006 David,
425 3929 534 4011 pastor
546 3927 661 4006 ovium,
676 3949 731 3990 rex
746 3926 808 3992 fuit
820 3933 950 4010 propter
966 3925 1201 3989 animositatem
1214 3925 1231 3987 1
1246 3923 1327 4008 Beg.
1340 3920 1389 3986 17.

804 4030 820 4066 a

312 4109 325 4164 1
347 4109 428 4164 Zach.
451 4110 489 4173 ll,
509 4111 525 4162 5
544 4109 602 4163 und
621 4110 744 4164 uachber
762 4109 841 4165 Prov.
862 4107 965 4164 Salom.
988 4110 1027 4171 10,
1047 4109 1088 4162 22.
1138 4108 1154 4160 2
1174 4106 1251 4162 mah.
1270 4106 1295 4169 2,
1309 4107 1334 4160 7.
1351 4103 1389 4158 l'l.

242 4197 349 4253 3Ker’n
363 4196 773 4252 citathabenSeh.Kl.Wibl.
813 4194 1026 4266 lBeg.9und
1046 4197 1077 4250 10
1097 4195 1214 4251 Mon2.
1253 4193 1389 4262 llleg.9

242 4283 313 4341 Bess.
352 4283 403 4338 Die
421 4285 503 4339 stella
522 4302 575 4339 von
595 4284 661 4337 Saul
681 4284 719 4337 ist
739 4287 751 4337 l
772 4284 844 4338 Sam.
866 4286 892 4349 9,
910 4285 934 4346 2,
954 4283 1011 4337 und
1025 4283 1125 4338 ebenso
1147 4285 1186 4344 10,
1205 4283 1247 4336 23.
1267 4281 1315 4346 24;
1336 4298 1388 4336 von

241 4374 333 4428 David
355 4377 366 4427 l
388 4374 461 4426 Sam.
476 4375 521 4436 17;
541 4371 597 4426 und
617 4390 670 4428 von
685 4373 814 4428 Salomon
829 4373 852 4426 1.
867 4371 935 4427 Ktu.
950 4372 973 4434 3,
998 4371 1036 4424 11.
1056 4370 1097 4424 28,
1118 4370 1142 4434 4,
1162 4371 1195 4423 29
1211 4369 1254 4422 bis
1266 4370 1315 4434 31,
1336 4386 1388 4423 ron

241 4463 367 4534 Jephtha
384 4462 436 4515 hat
449 4459 533 4515 Wibl.
554 4460 618 4514 lrein
637 4461 717 4526 citat,
736 4461 796 4516 Seh.
815 4461 872 4514 und
887 4461 928 4516 Kl.
943 4477 996 4514 nur
1013 4457 1152 4525 Judicum,
1171 4457 1247 4513 Besa.
1265 4457 1330 4514 lud.
1351 4459 1389 4512 11-
