3072 4936
683 373 744 438 161

137 543 256 612 Statim
287 549 393 612 autem
414 545 511 611 misso
542 545 649 630 legato
671 545 704 610 in
727 543 946 626 Alemaniam,
976 548 1106 629 collegit
1136 548 1288 632 probatos

138 649 320 730 monachos,
338 673 407 716 cum
421 651 536 734 quibus
546 649 579 713 in
589 649 768 736 Elchingen
782 653 910 718 veniens
925 653 970 718 eis
983 654 1087 718 locum
1099 654 1288 717 auctoritate

139 756 316 840 apostolica
338 756 518 841 designavit
540 755 717 841 sectarique
746 757 831 822 bona
852 779 948 842 opera
976 757 1067 823 iuxta
1098 758 1163 822 divi
1186 757 1287 822 Bene·
1300 753 1384 834 3³¹5„

138 861 216 926 dicti
238 861 387 926 instituta
410 859 630 939 demandavit,
660 861 848 946 praecipiens
879 863 987 928 eadem
1010 863 1219 941 auctoritate,
1251 866 1289 927 ut

137 969 173 1034 iu
188 969 317 1054 signum
331 967 522 1032 immediatae
538 967 743 1032 subiectionis
766 967 946 1051 apostolicos
962 967 1029 1032 sedi
1044 965 1181 1050 singulis
1197 967 1289 1031 annis

135 1073 298 1158 perpetuis
339 1072 536 1156 temporibus
576 1094 675 1136 unum
715 1093 846 1138 aureum
887 1071 1043 1137 duntaxat
1083 1070 1219 1136 Romam
1255 1073 1289 1135 in

136 1199 295 1244 cameram
317 1198 409 1261 papae
425 1177 600 1242 mitterent
646 1176 691 1241 Et
713 1179 749 1240 ut
765 1175 861 1242 huius
877 1176 954 1242 facti
969 1181 1123 1262 perpetua
1146 1179 1289 1240 maneret

139 1282 304 1362 memoria,
327 1281 404 1347 fecit
425 1303 509 1367 papa
531 1280 643 1346 confici
666 1279 849 1364 plumbeam
872 1281 1002 1358 bullam,
1025 1281 1060 1346 in
1084 1303 1147 1365 qua
1169 1280 1288 1345 dictam

137 1388 342 1454 donationem
366 1387 552 1466 ratificavit,
584 1391 616 1452 et
648 1389 785 1452 montem
817 1387 911 1452 illum
940 1409 1012 1452 eum
1033 1385 1288 1451 habitationibus

136 1498 171 1560 et
192 1493 377 1560 hominibus
399 1491 582 1558 immediate
613 1491 680 1558 sedi
702 1491 884 1575 apostolieae
906 1491 1057 1568 subiecit,
1088 1487 1288 1556 districtius¹

137 1597 316 1684 prohibuit,
339 1619 403 1681 quo
417 1597 532 1681 potuit,
556 1619 596 1662 ne
619 1597 690 1680 quis
705 1597 842 1682 amplius
863 1619 897 1662 se
917 1598 955 1662 de
977 1596 1038 1662 hoc
1059 1597 1289 1662 intromitteret
1319 1584 1330 1603 '

137 1703 219 1770 loco.
264 1703 292 1768 ai
324 1703 395 1788 quis
418 1705 525 1767 autem
548 1723 627 1767 ausu
655 1701 823 1768 temerario
851 1701 912 1766 hoc
944 1703 1168 1782 attentaverit,
1201 1703 1288 1767 etin

141 1813 306 1894 posterum
328 1829 463 1894 gravare
485 1807 713 1872 monasterium
746 1810 878 1873 conatus
900 1806 1016 1888 fuerit,
1048 1809 1149 1874 eidem
1171 1809 1289 1892 impre-

137 1918 231 1980 catur
260 1935 344 1998 papa
373 1915 525 1978 aternam
556 1911 808 1978 maledictionem
838 1917 871 1978 et
898 1913 1152 1998 indignationem
1174 1914 1234 1978 Dei
1257 1919 1290 1978 et

139 2017 356 2103 apostolorum
374 2016 461 2083 Petri
483 2021 516 2082 et
531 2015 633 2095 Pauli,
657 2021 690 2083 et
705 2018 833 2083 vinculo
853 2018 1066 2084 anathematis
1082 2018 1202 2096 durius,
1226 2041 1289 2104 quo

141 2123 238 2202 valet,
261 2123 402 2208 stringit
448 2121 493 2188 nt
524 2121 600 2207 quia
622 2119 786 2188 Romanus
815 2122 962 2206 pontifex
989 2123 1057 2188 loco
1080 2123 1289 2208 personaliter

139 2229 249 2295 adesse
281 2251 346 2294 uon
377 2231 501 2314 potest,
532 2231 569 2293 ut
599 2229 703 2313 ipsum
736 2251 756 2293 a
784 2229 877 2294 malis
906 2229 1065 2296 custodiat
1094 2228 1288 2307 hominibus,

136 2333 372 2400 commendavit
394 2337 534 2400 montem
556 2337 590 2400 et
604 2337 794 2400 conventum
816 2333 909 2399 illum
925 2332 1062 2400 Romani
1085 2334 1210 2418 imperii
1226 2333 1287 2398 im·

137 2441 289 2526 paraturi,
312 2439 496 2525 precipiens
519 2439 617 2504 sideru
635 2439 718 2505 tueri
741 2439 846 2504 locum
869 2441 909 2506 ab
930 2439 1150 2506 insolentibus.
1197 2437 1289 2503 Hanc

136 2545 308 2612 tuitionem
324 2546 426 2610 multo
448 2549 590 2629 tempore
605 2545 811 2630 imperatores
835 2566 891 2629 per
913 2567 947 2610 se
963 2545 1114 2623 lecerunt,
1138 2565 1287 2609 nonnun-

137 2673 236 2736 quam
271 2655 378 2718 autem
412 2651 447 2716 in
476 2672 585 2716 eorum
623 2650 768 2716 absentia
799 2649 968 2716 comitibus
1006 2648 1287 2734 propinquioribus

137 2756 382 2836 commiserunt,
412 2760 450 2820 ut
471 2754 607 2820 dominis
641 2754 820 2820 illustribus
842 2755 1011 2820 comitibus
1034 2755 1072 2820 de
1097 2753 1286 2833 Hellastain,
1299 2759 1387 2841 ufflq,

138 2864 196 2949 qui
212 2866 290 2928 tnnc
304 2865 450 2946 potentes
464 2860 498 2924 in
514 2857 630 2926 Suevia
645 2863 746 2938 erant,
766 2859 821 2944 qui
838 2860 906 2924 loco
921 2859 1122 2944 imperatoris
1137 2859 1288 2924 tutabant

137 2968 199 3034 hoc
221 2966 465 3044 monasterinm,
489 2985 547 3030 nec
569 2963 742 3050 regebant,
765 2985 823 3028 nec
845 2963 967 3028 domini
990 2969 1045 3028 ant
1069 2967 1288 3047 procuratores

136 3071 324 3138 monasterii
339 3075 441 3150 erant,
457 3069 510 3135 sed
527 3073 654 3134 tantum
669 3066 835 3134 substituti
851 3067 913 3133 loci
929 3072 1061 3145 tutores,
1083 3089 1154 3152 quar
1170 3069 1288 3132 tutatio

137 3179 236 3244 etiam
260 3177 431 3262 aliquando
453 3175 524 3240 aliis
556 3197 651 3260 quam
675 3174 812 3240 dominis
843 3174 881 3238 de
905 3171 1084 3238 Hellastein
1108 3171 1172 3236 fuit
1202 3193 1287 3236 com·

138 3283 237 3350 missa
259 3280 301 3347 ab
332 3282 533 3366 imperatore.
578 3279 639 3345 Sed
669 3280 746 3364 quia
774 3281 981 3363 imperatores
1013 3277 1205 3344 monasterio
1228 3276 1288 3340 ali·

138 3389 267 3476 quaudo
290 3391 413 3453 tutores
429 3385 565 3452 dominis
587 3391 620 3451 et
635 3384 799 3451 monachis
821 3385 926 3449 minus
942 3388 1086 3467 acceptos
1108 3385 1141 3446 et
1157 3381 1286 3446 inutiles

137 3494 394 3572 substituerunt,
425 3491 629 3576 privilegium
660 3490 913 3574 impetraverunt
943 3489 984 3554 ab
1012 3489 1220 3572 imperatore,
1251 3491 1290 3550 ut

137 3601 239 3668 abbas
261 3620 334 3664 cum
357 3597 423 3662 suis
445 3596 508 3662 sibi
530 3595 670 3681 placidos
693 3599 726 3661 et
747 3596 842 3660 utiles
864 3597 994 3679 possent
1017 3591 1133 3679 eligere
1155 3597 1287 3657 tutores.

136 3705 245 3793 Igitur
265 3704 412 3772 monachi
436 3702 593 3768 inlocum
616 3701 712 3786 positi
736 3699 851 3766 turrim
868 3699 1053 3785 Babylonis,
1077 3719 1182 3764 arcem
1204 3719 1288 3782 prae·

138 3813 269 3888 donum,
292 3810 473 3895 speluncam
497 3812 724 3891 tyrannorum,
748 3807 864 3872 molem
887 3805 1006 3870 diaboli
1029 3803 1181 3868 funditus
1196 3824 1286 3868 ever·

138 3921 260 3994 terunt,
282 3921 315 3980 et
337 3915 498 4000 eregione
520 3913 588 3978 eius
603 3911 766 3978 ecclesiam
782 3933 854 3976 cnm
876 3909 944 3974 alta
965 3931 1190 3993 campanarum
1207 3910 1288 3972 turri

138 4025 323 4097 erexerunt,
364 4025 401 4084 ut
434 4018 555 4086 Christi
587 4018 711 4097 fideles,
750 4019 805 4104 qui
840 4017 927 4101 prius
970 4035 1074 4080 arcem
1110 4011 1289 4099 insignibus

137 4127 580 4212 tyrannorumornatamcum
589 4123 759 4190 formidine
769 4121 915 4188 solebant
927 4119 1082 4204 inspicere
1094 4125 1127 4184 et
1137 4119 1289 4184 clamores

137 4231 304 4300 custodum
327 4237 359 4296 et
381 4231 615 4315 speculatorum
637 4229 802 4314 clangores
825 4247 897 4291 cum
919 4230 1039 4291 terrore
1063 4225 1192 4304 audire,
1225 4223 1289 4290 iam

706 4373 723 4412 s

213 4461 223 4516 l
244 4475 275 4514 ao
293 4457 358 4516 alle.
