3034 4922
659 355 720 434 195

271 535 340 606 Mos
365 537 495 627 quidam
516 541 692 609 inoleverat
715 567 815 610 novus
838 543 1023 627 Judeorum,

272 648 360 726 Quod
384 650 555 714 secundum
577 673 744 716 numerum
766 652 909 716 tribuum
931 675 1039 718 eorum

196 771 248 809 ⁶⁸⁶⁰
273 753 445 820 Duodecim
467 753 663 839 pulcherima
683 755 827 822 fecerunt
848 757 974 839 vexilla,

267 858 304 924 ln
326 859 594 926 sollemnitatibus
616 863 906 947 circumportabant
927 863 985 928 illa

271 963 361 1031 Circa
383 965 538 1050 templum
559 964 737 1032 Salomonis
760 973 791 1032 et
813 969 932 1034 atrium
954 968 1127 1053 psallendo,

271 1069 402 1138 Vicibus
425 1071 588 1138 duodecim
610 1071 691 1138 illud
712 1072 872 1150 faciend03

272 1173 333 1242 Sed
355 1197 427 1242 cum
449 1177 533 1242 circa
555 1177 709 1261 templum
731 1179 790 1244 hec
812 1183 990 1263 portantur,
1014 1202 1086 1244 cunr
1108 1178 1229 1264 ligatus

198 1299 248 1338 ⁵⁸⁶⁶
274 1279 367 1347 Jesus
391 1304 496 1348 coram
518 1284 641 1368 preside
663 1283 770 1349 stabat
792 1284 983 1372 flagellatus,

272 1385 362 1452 Tunc
383 1376 619 1452 versns'locum
640 1389 674 1452 in
697 1410 760 1473 quo
783 1387 876 1454 Jeeus
897 1393 987 1455 stetit
1009 1389 1104 1455 simul
1126 1389 1183 1455 illa

273 1489 476 1558 Inclinabant
498 1491 613 1558 baiulis
636 1493 747 1558 invitis
769 1517 802 1560 se
826 1494 951 1562 vexilla.

273 1593 343 1661 Hoc
364 1595 460 1662 Judei
482 1618 555 1662 eum
576 1596 730 1662 uidissent
751 1603 891 1685 arguunt
910 1605 1084 1684 portantes,

274 1698 338 1766 Cur
359 1701 420 1766 hoe
441 1701 503 1786 ipsi
525 1701 668 1779 fecefint,
692 1701 732 1766 ab
754 1701 832 1786 ipsis
855 1703 1060 1770 sciscitantes.

199 1823 249 1862 ⁶⁸⁶⁰
275 1805 520 1892 Responderunt
540 1806 601 1886 his,
624 1805 734 1871 inritis
756 1807 877 1872 factum
898 1807 959 1873 hoc
981 1809 1087 1889 fuisse,

273 1911 319 1978 ut
340 1933 408 1978 sese
428 1911 638 1980 renitentibus
661 1911 778 1978 vexilla
799 1935 832 1978 se
855 1913 988 1981 flexisse.

275 2015 427 2084 Videnles
449 2018 510 2084 hoc
531 2017 695 2104 pontifices
717 2019 838 2084 turbati
860 2019 1078 2097 mirabantnr3

275 2121 413 2210 Eligant
434 2123 624 2190 fortissimos
647 2129 679 2189 et
702 2145 754 2188 eos
777 2123 998 2204 adhortentur,

275 2226 322 2294 ut
343 2235 485 2310 caveant,
507 2230 542 2294 in
562 2229 711 2296 manibus
736 2230 877 2314 ipsorum
899 2251 938 2296 ne
960 2230 1129 2295 flectantur

202 2349 250 2389 Μ
276 2332 413 2413 Vexilla,
436 2335 490 2400 sed
512 2341 616 2401 erecta
638 2355 764 2400 rursum
787 2334 827 2398 ab
850 2335 927 2420 ipsis
949 2333 1140 2399 deferantur.

275 2437 365 2505 Sicut
385 2440 489 2525 primo
511 2463 544 2506 se
566 2439 684 2506 vexilla
705 2441 831 2506 demum
853 2445 1073 2518 curvaverunt,

276 2543 375 2610 Velut
396 2545 557 2612 adorando
579 2569 612 2612 se
635 2544 735 2612 baiuli
757 2545 922 2612 flexerunt.

275 2648 343 2716 llec
365 2655 473 2716 autern
494 2649 695 2716 inconsutilis
717 2653 824 2730 vestis,
848 2651 887 2715 de
909 2673 973 2735 qua
995 2651 1083 2735 prius

200 2766 203 2774 '
275 2755 470 2848 Mentionem
491 2755 633 2835 fecimus,
656 2777 753 2841 qnam
774 2755 916 2839 portavit
938 2755 1008 2840 pius

203 2879 252 2918 caro
277 2858 370 2927 Jesns
393 2861 434 2926 ah
456 2859 601 2940 infantia,
625 2881 687 2944 que
708 2881 780 2924 cum
802 2881 839 2926 eo
862 2859 971 2936 crevit,

276 2965 377 3042 Quam
400 2987 457 3031 nec
478 2969 619 3030 vetustas
642 2965 750 3050 aliqua
772 2965 968 3050 consumpsit
990 2965 1041 3030 vel
1063 2966 1188 3046 delevit,

278 3069 338 3136 Sed
359 3071 418 3136 hec
440 3071 565 3136 cuidam
586 3068 682 3134 militi
705 3091 761 3153 per
783 3074 901 3134 sortem
923 3075 971 3134 est
993 3071 1119 3150 collata,

277 3175 366 3242 Sicut
387 3174 570 3261 evangelica
590 3179 667 3240 sunt
688 3174 806 3258 scripta
828 3179 1014 3258 protestata,

276 3279 362 3348 Idem
384 3280 475 3346 miles
497 3281 606 3345 tunica
628 3301 699 3344 oum
723 3279 782 3344 hac
805 3279 997 3360 indueretur,

204 3405 252 3444 ⁶⁸⁷⁶
277 3387 321 3454 Et
343 3388 383 3452 ad
406 3385 547 3452 Pilatum
569 3385 725 3470 presidem
746 3405 818 3450 cunr
841 3384 1069 3470 ingrederetur,

282 3493 404 3558 Pilatus
426 3513 532 3577 preses
554 3491 681 3556 horruit
704 3494 736 3554 et
757 3490 831 3554 huic
854 3491 1035 3568 assurrexit,

279 3598 323 3664 Et
345 3597 375 3664 ei
397 3598 465 3663 sine
488 3601 601 3681 sponte
624 3600 720 3682 caput
741 3593 924 3660 inclinando
946 3594 1044 3660 flexit.

279 3701 366 3769 Idem
389 3725 497 3768 omnes
520 3701 689 3780 faciebant,
712 3723 791 3785 quos
814 3701 867 3764 hic
887 3701 1129 3784 pertransiebat,

279 3810 339 3878 bel
363 3811 402 3876 ad
425 3832 505 3895 quus
527 3809 672 3874 accedere
694 3808 825 3893 propius
847 3807 984 3887 volebat,

205 3931 254 3970 ⁶⁸⁸⁰
280 3915 396 3982 Omnes
419 3917 504 3982 enim
526 3937 605 4000 quoa
628 3915 777 3979 transivit
800 3916 896 3979 etiam
919 3913 1062 3979 nolentes

160 4095 167 4112 Ι
280 4018 502 4099 Surrexernnt,
525 4019 724 4086 inclinabant
746 4019 899 4084 honorem
922 4019 1114 4084 exhibentes.

281 4125 348 4193 Hec
370 4127 478 4192 tunica
501 4130 577 4190 tunc
600 4123 705 4190 Cesari
729 4146 860 4190 romano
882 4123 1081 4202 mittebatur,

282 4229 325 4298 ut
348 4231 537 4317 quicumque
559 4252 665 4296 coram
688 4251 724 4294 eo
748 4230 807 4294 hac
829 4229 1030 4310 induebatur,

281 4335 335 4402 llli
356 4359 431 4402 mor
454 4358 617 4422 assurgere
640 4334 735 4400 Cesar
757 4333 939 4420 cogebatur,

207 4459 257 4498 Μ
284 4441 467 4510 Inclinando
488 4465 521 4509 se
544 4446 746 4532 prosternens
774 4441 858 4512 huuc
880 4441 1098 4510 venerabatur.

1005 4543 1038 4602 13
1050 4547 1064 4574 ⁸
