3080 4938
696 391 738 456 35

139 569 293 650 ceperunt
316 566 365 630 illi
388 566 513 631 fratros.
556 571 701 632 emerunt
730 567 939 632 nihilominus
970 590 989 632 a
1011 568 1132 634 civibus
1156 571 1295 655 spatium

138 693 197 754 pro
219 671 393 736 coemiterio
416 673 455 736 dc
478 673 566 752 loco,
597 672 652 736 nbi
676 673 817 758 antiquae
840 673 980 738 civitatis
1010 675 1130 740 fossata
1153 675 1292 746 fuerant.

139 775 191 843 Sic
215 799 292 863 ergo
315 775 482 842 Ulmenses
514 778 651 862 quadam
672 779 828 863 singulari
860 778 1058 864 benignitate
1087 779 1138 845 his
1168 781 1291 848 duobus

138 883 304 948 ordinibus
328 882 443 962 affecti,
466 881 730 948 Praedicatoribus
755 888 787 948 et
803 882 991 960 Minoribus,
1015 885 1158 970 utrisque
1181 892 1290 970 portas

139 987 280 1072 antiquae
302 986 441 1053 civitatis
464 990 705 1052 commiserunt:
729 980 994 1051 praedicatoribus
1015 989 1143 1073 quidem
1164 997 1290 1076 portam

139 1092 336 1170 orientalem,
359 1090 538 1156 Minoribus
562 1091 796 1156 occidentalem.
841 1091 901 1156 Est
923 1096 1028 1158 tamen
1052 1094 1116 1158 iam
1138 1095 1201 1160 alia
1224 1097 1288 1160 dis-

137 1198 255 1283 positio
278 1220 350 1263 cum
372 1197 515 1262 turribus
529 1193 659 1261 illarum
675 1201 849 1281 portarum,
873 1219 970 1282 quam
985 1198 1049 1264 fuit
1065 1199 1122 1264 illo
1136 1203 1287 1285 tempore.

138 1301 271 1368 Habent
292 1307 400 1368 antem
414 1300 642 1366 Praedicatores
665 1303 744 1366 satis
760 1302 901 1386 amplum
915 1303 1055 1386 spatium
1069 1283 1156 1369 intra
1172 1328 1290 1386 muros,

137 1413 171 1474 et
193 1409 232 1474 de
254 1429 346 1472 muro
368 1407 507 1472 civitatis
530 1405 748 1491 possidentia
772 1405 905 1492 longum
932 1407 991 1472 165
1014 1431 1145 1492 passus,
1170 1411 1203 1474 in
1228 1433 1291 1494 quo

139 1514 245 1598 spatio
267 1518 343 1578 sunt
364 1512 452 1578 ultra
473 1513 516 1578 40
550 1511 677 1576 zinnae¹
711 1511 759 1576 vel
792 1511 912 1577 moenia
935 1514 994 1578 sub
1017 1513 1159 1580 clavibus
1182 1521 1214 1580 et
1236 1539 1290 1581 cu-

136 1619 244 1684 stodia
265 1617 404 1684 fratrum
426 1622 539 1683 versus
559 1617 752 1682 Danubium.

228 1721 240 1760 ²
269 1722 369 1788 ⁸Post
391 1722 618 1788 Praedicatores
642 1727 796 1787 venerunt
818 1720 947 1787 Ulmam
970 1723 1089 1788 domini
1105 1723 1220 1790 fratres
1237 1749 1288 1790 or-

110 1828 222 1908 ,dinis
256 1827 526 1894 'theutonicorum
560 1828 598 1892 de
632 1875 869 1892 ........
885 1825 908 1907 ⁴,
941 1828 1098 1893 instantes
1129 1852 1187 1913 pro
1219 1829 1289 1896 loco

134 1935 322 2000 monasterii
344 1933 558 2010 construendi,
582 1931 698 2017 quibus
720 1932 807 1997 ultra
823 1931 971 1998 Blavium
992 1933 1097 1999 locum
1112 1935 1289 2019 spatiosum

135 2040 343 2106 contulerunt
365 2040 404 2104 ad
428 2040 546 2104 moenia
577 2038 727 2103 civitatis.
774 2037 894 2104 Dicunt
923 2043 1028 2104 tamen
1056 2039 1202 2104 nonnulli
1235 2061 1288 2104 eos

135 2145 183 2208 ibi
206 2149 281 2210 anta
312 2133 451 2209 civitatis
474 2144 712 2228 ampliationem
743 2166 910 2228 occupasse
934 2145 1038 2209 locum
1066 2151 1099 2208 et
1129 2145 1288 2210 moenibns

134 2249 277 2314 inclusos
299 2271 375 2314 ease.

225 2353 347 2420 Deinde
369 2353 513 2439 pluribus
536 2354 628 2419 annis
650 2354 787 2420 evolutis
802 2355 954 2420 Canonici
978 2354 1155 2441 Regulares
1175 2356 1231 2440 qui
1253 2357 1286 2420 in

135 2465 246 2526 monte
267 2459 371 2525 sancti
386 2459 552 2525 Michaelis
567 2459 805 2540 habitaverunt,
828 2465 861 2525 et
874 2460 1059 2526 iamdudum
1080 2459 1113 2525 in
1129 2461 1208 2540 loco,
1232 2462 1287 2546 qni

134 2565 254 2630 dicitur
276 2563 404 2650 Wenga
417 2564 448 2644 ⁶,
481 2570 573 2630 extra
594 2563 726 2631 Ulmam
747 2567 970 2646 consederant,
1000 2566 1098 2632 etiam
1128 2567 1160 2630 in
1184 2567 1287 2652 ipsam

132 2671 298 2737 civitatem
329 2693 363 2736 se
392 2671 604 2736 contulerunt.
650 2670 764 2736 Multis
797 2677 905 2736 autem
938 2673 1029 2738 annis
1060 2670 1287 2736 habitaverunt

132 2781 226 2842 trans
249 2775 398 2842 Blavium
419 2776 453 2842 in
476 2777 587 2858 domo,
619 2777 675 2842 ubi
697 2799 782 2842 nunc
804 2778 920 2842 residet
942 2777 1019 2842 civis
1047 2777 1150 2842 dictus
1181 2776 1287 2842 Theo·

134 2881 250 2947 baldus
271 2879 376 2947 Hnter
390 2882 422 2963 ⁶,
457 2887 489 2950 et
511 2883 639 2948 tandem
670 2883 878 2948 obtinuerunt
912 2883 1017 2948 locum
1050 2883 1084 2946 in
1107 2905 1170 2967 quo
1193 2881 1287 2946 hodic

133 2991 222 3068 sunt,
244 3009 339 3073 quem
361 2987 516 3052 aedificare
538 2987 770 3053 inchoaverunt
793 3009 876 3052 anno
899 2988 1018 3052 domini
1050 2987 1142 3052 1399.
1188 2985 1285 3050 Disti-

133 3096 258 3160 cultata
290 3097 398 3160 antem
429 3093 494 3159 fuit
523 3094 720 3159 intromissio
747 3094 886 3159 fratrum
920 3092 1190 3158 Theutonicorum
1222 3089 1285 3155 et⁷

134 3201 368 3266 Canonicornm
390 3198 608 3286 Regularium‚
633 3200 709 3284 qnia
731 3201 795 3265 iam
810 3198 978 3265 Ulmanscs
1001 3199 1033 3262 in
1049 3197 1206 3261 translata
1228 3218 1285 3280 pa-

134 3305 246 3372 rochia
260 3305 429 3370 structoris
445 3305 571 3390 gravati
587 3309 688 3385 erant,
711 3305 867 3390 siqnidem
881 3309 954 3388 post
970 3304 1107 3368 fratrum
1125 3300 1285 3366 Minorum

133 3415 168 3476 et
200 3409 448 3476 Praedicatorum
482 3411 662 3495 ingressum
692 3413 725 3476 et
753 3409 1018 3474 monasteriorum
1047 3406 1286 3472 aedificationem
1299 3407 1383 3485 Q,

703 3571 720 3610 ἸΙ

207 3679 336 3736 lCinnae
355 3680 453 3736 Schad.
474 3679 517 3734 Kl.
537 3679 623 3733 Wibl.
660 3677 710 3732 11¹·
729 3677 828 3732 zinncn
848 3679 891 3733 vel
912 3677 1006 3732 menia
1024 3677 1097 3733 Mon.
1120 3678 1141 3730 l.
1196 3675 1284 3729 aner

132 3785 224 3838 ganza
243 3767 341 3822 absatz
361 3785 414 3824 von
435 3769 499 3824 Post
520 3767 717 3822 Praedicatores
741 3765 783 3819 bis
802 3765 922 3820 inclusos
948 3781 1006 3820 esse
1029 3763 1103 3818 fehlt
1125 3763 1166 3818 bei
1185 3763 1284 3826 Schad.

132 3855 188 3920 KL,
200 3855 287 3910 Wibl.
301 3855 358 3909 und
371 3855 469 3918 Schm,
484 3853 551 3908 aber
562 3853 684 3908 ctsbtim
700 3853 762 3908 Mon
785 3852 798 3906 1
812 3870 838 3908 u.
853 3851 898 3906 bei
910 3851 989 3908 Gold.
1008 3850 1179 3906 (llaicbwohl
1192 3849 1283 3905 huben

132 3943 238 3999 sowohl
256 3943 321 4014 jone
339 3941 405 4002 drot,
426 3941 469 3996 als
486 3941 561 3996 dieas
580 3941 677 3996 weiter
694 3944 781 3996 unten
801 3940 840 4010 (in
859 3957 921 4011 cap.
939 3941 968 4008 2)
985 3938 1031 3994 dia
1045 3937 1142 3994 domus
1161 3939 1282 3992 fratrum

133 4030 378 4094 'theutonicorum
398 4027 548 4086 innarhalb
566 4027 616 4083 der
634 4027 819 4082 atadtmaucr.
882 4029 898 4080 3
918 4025 1020 4082 Domus
1037 4022 1281 4080 Thautonicorum.

133 4117 208 4176 lton.
230 4121 241 4172 1
262 4136 308 4173 am
327 4119 423 4172 rande.
496 4121 509 4170 l
533 4116 582 4170 Die
602 4116 680 4170 llicke
699 4116 791 4170 buben
812 4115 883 4170 Mon.
908 4118 916 4168 l
945 4111 1001 4168 und
1020 4111 1099 4168 Gold.
1121 4114 1159 4166 ut.
1180 4110 1282 4180 gleich-

134 4205 239 4274 mtssig.
319 4203 616 4274 '5thgenScl1ad1
639 4203 682 4256 Kl.
708 4201 792 4255 Wibl.
832 4199 1033 4270 Weugallon.
1056 4199 1077 4252 1.
1115 4197 1285 4253 Schad.hat

134 4311 180 4350 am
198 4293 301 4350 rande:
325 4295 449 4364 Wengen
467 4293 569 4349 cloatcr
591 4293 665 4348 1399.
738 4289 869 4345 6Hiiter
895 4289 957 4344 Mon
987 4289 1009 4342 l.
1083 4285 1174 4340 anie
1201 4289 1285 4339 worte

135 4381 370 4437 Thentonicorum
389 4384 420 4436 et
437 4381 531 4436 lshlen
551 4379 733 4450 folgerichtig
750 4377 795 4433 bai
809 4377 907 4431 Schad.
930 4377 974 4429 lll.
994 4375 1050 4430 und
1066 4373 1151 4428 Wibl.
1188 4369 1227 4439 (S.
1239 4371 1285 4428 die

134 4469 360 4542 rorhergshcnde
379 4473 445 4526 ncta
462 4471 499 4540 2.)
