3014 4926
753 371 795 438 88

356 549 404 616 Ac
427 551 560 636 virginis
582 549 617 614 iu
637 547 705 614 filio
727 548 821 614 deum
842 547 1061 612 laudaverunt.

357 655 436 722 Cum
459 679 516 720 sua
538 659 615 720 tunc
635 653 760 719 familia
781 651 902 737 Joeepb
924 651 1121 737 collegamnt

280 779 332 818 aas
358 761 403 826 Et
425 760 498 826 huic
520 761 554 825 in
576 760 715 845 bospitio
736 759 871 824 honesto
893 757 1110 842 providerunt,

357 865 426 933 Sibi
448 867 623 933 necessaria
644 867 755 932 domus
777 863 985 943 conferentes,

356 970 566 1038 Abundanter
588 971 621 1036 in
644 970 788 1056 expensis
810 969 872 1055 ipsi
894 967 1104 1054 providentes.

314 1209 417 1296 Quod
444 1210 584 1306 Joseph
612 1209 681 1284 VII
708 1208 817 1282 anuis
844 1207 985 1282 mansit
1012 1207 1051 1279 in
1079 1207 1239 1304 Egypta

359 1391 485 1476 Septem
507 1391 599 1457 annis
621 1391 655 1456 in
676 1391 807 1479 Egyptc
830 1413 902 1457 cum
924 1411 1022 1476 puero
1044 1394 1229 1454 manserunt

358 1496 478 1582 Joseph
500 1501 532 1562 et
555 1496 659 1563 Maria
680 1501 791 1577 mater,
814 1500 847 1566 et
868 1519 901 1562 se
923 1498 1181 1562 sustentaverunt

281 1622 332 1658 2⁴³⁰
359 1603 407 1668 De
424 1603 537 1670 labore
561 1625 721 1682 manuum,
744 1624 819 1668 nam
842 1601 961 1686 Joseph
984 1600 1148 1666 exercebat

361 1709 471 1773 Artem
494 1708 734 1793 carpentariam,
758 1706 921 1793 Mariaque
943 1706 1071 1774 texebat

362 1813 497 1898 Byseum
520 1817 615 1898 atque
637 1833 827 1898 purpuram;
849 1812 883 1876 iu
905 1812 966 1877 boc
987 1811 1051 1876 fuit
1072 1810 1191 1896 perita;

360 1917 400 1984 Se
422 1917 595 2004 Jesumque
616 1941 748 2003 puerum
771 1917 973 1983 nutriverunt
994 1918 1049 1982 ita.

359 2020 420 2088 Sed
442 2021 560 2108 Joseph
585 2025 813 2089 conductitium
835 2045 949 2108 agrum
971 2023 1176 2109 comparavit,

281 2148 332 2186 scer
359 2129 457 2206 Quem
481 2152 552 2194 cum
574 2131 677 2195 bubus
699 2130 835 2216 geminis
857 2129 962 2194 colens
984 2128 1161 2195 seminavit.
1282 2205 1284 2210 Ι

203 2359 350 2444 Quanta
376 2361 490 2434 etatis
517 2359 632 2432 fuerit
652 2380 746 2454 puer
759 2357 869 2433 Jesua
897 2381 984 2434 eum
1011 2357 1111 2455 cepit
1138 2357 1348 2433 ambulare.

358 2551 462 2618 Unius
485 2551 560 2616 anni
583 2573 653 2616 eum
676 2549 769 2617 Jesus
792 2551 954 2637 implesset
975 2553 1038 2616 iam
1062 2555 1189 2631 etatem,

230 2691 239 2704 ·
358 2655 464 2740 Atque
486 2678 626 2721 mensem
648 2656 775 2721 unicum
798 2661 871 2742 post
893 2657 1104 2736 nativitatem,

357 2759 458 2844 Super
480 2761 573 2844 pedes
594 2761 694 2846 ipsius
717 2762 800 2846 cepit
822 2762 984 2827 ambulare

357 2861 432 2928 Sine
454 2865 668 2929 sustentaculo
691 2869 723 2930 et
745 2870 866 2931 erectus
888 2871 982 2932 stare.

281 2989 331 3024 arse
358 2967 433 3033 Non
456 2990 512 3052 per
534 2969 662 3035 modum
685 2993 855 3055 puerorum
878 2973 932 3056 qui
956 2972 1059 3057 primu
1081 2972 1267 3056 palpitando

363 3071 512 3139 Manibus
536 3075 720 3160 etpedibus
743 3097 779 3141 ac
802 3079 919 3160 repunt
941 3077 1132 3161 cespitando,

360 3179 404 3244 Et
426 3179 465 3244 ad
489 3185 608 3246 terram
629 3185 782 3247 corruunt
803 3203 876 3268 sepe
899 3183 1079 3263 residentes,

357 3282 405 3348 Ac
428 3305 500 3350 cum
523 3285 737 3351 sustentaculo
759 3309 792 3352 se
814 3287 917 3371 primo
940 3286 1118 3368 fulcientes,

357 3389 466 3456 Donec
487 3413 580 3456 crura
601 3393 831 3484 confortentur,
856 3397 891 3457 ut
913 3397 1032 3478 queant
1053 3415 1110 3477 per
1132 3415 1165 3457 se
1188 3395 1282 3472 stare,

283 3513 333 3549 ²⁴⁰⁵
360 3493 426 3579 Ipsi
449 3518 511 3580 que
532 3497 577 3562 sic
599 3502 807 3563 consuescunt
829 3497 984 3583 paulatim
1007 3498 1179 3563 ambulare.

357 3597 431 3678 Non
454 3601 499 3666 sic
521 3591 598 3686 puer
620 3601 713 3668 Jesus
736 3603 838 3688 primo
861 3605 982 3669 discens
1005 3602 1194 3688 palpitabat,

226 3753 228 3758 ,
359 3703 420 3770 Sed
442 3707 552 3772 statim
575 3730 630 3792 per
653 3731 685 3773 se
707 3730 841 3794 surgens
862 3713 951 3775 stans
974 3708 1129 3789 cucurrit,
1152 3707 1349 3774 ambulabat.

369 3943 515 4029 Quanta
544 3947 658 4019 etatis
685 3899 801 4020 fuerit
826 3968 911 4020 cum
939 3947 1043 4042 loqui
1058 3918 1181 4043 cepit.

356 4126 435 4192 Cum
459 4150 576 4192 annum
599 4131 631 4193 et
653 4128 818 4218 dimidium
842 4130 936 4195 etatis
958 4129 1021 4194 iam
1045 4131 1208 4215 implesset

354 4229 447 4297 Jesus
470 4255 548 4316 puer
570 4239 602 4298 et
623 4235 760 4302 duorum
782 4257 938 4301 annorum
960 4236 1102 4301 nondum
1126 4239 1218 4316 esset,

280 4357 331 4394 που
358 4333 458 4420 Iniqui
482 4337 565 4420 cepit
587 4339 711 4424 integre
734 4339 830 4405 verba
852 4341 1048 4425 proterendo,

356 4439 533 4508 Secundum
556 4443 684 4511 modum
708 4465 878 4530 puerorum
901 4445 946 4510 nil
974 4445 1199 4522 balbutiend0;
