3072 4936
713 331 774 396 107

167 505 259 571 Deo¹
282 505 534 571 benedictionem
549 505 706 592 largiente
728 506 856 573 bimenbi
871 531 914 589 se,
939 511 976 573 ub
998 507 1115 574 dieitur
1137 510 1169 574 in
1193 509 1317 594 psalmo

169 609 233 674 128
247 609 270 674 ².

613 783 864 855 Zwioker³.

255 925 549 992 Zwiokerensium⁴
573 927 860 993 vetustissimorum
884 927 1069 1013 superstites
1085 927 1319 1014 Memmingen·

166 1034 250 1098 sium
272 1031 388 1096 civium
408 1029 576 1097 honestam
591 1053 713 1116 semper
727 1037 995 1116 repraesenberunt
1016 1031 1183 1114 familiam,
1199 1035 1238 1124 de
1253 1057 1317 1120 que

169 1141 280 1203 nostro
302 1142 443 1221 tempore
466 1136 595 1221 quidam
616 1135 721 1203 Ulmae
750 1135 897 1202 habitere
924 1137 1120 1217 desiderans,
1152 1139 1319 1226 coniugem

152 1243 208 1307 -de
230 1240 440 1307 nobilioribus
463 1241 585 1306 civibus
608 1239 813 1309 Ulmensibne
835 1244 968 1328 adeptus
991 1246 1039 1308 est
1054 1247 1087 1308 eb
1101 1245 1134 1309 in
1151 1265 1318 1310 numerum

168 1346 383 1432 optimatuum
405 1344 544 1427 relatus,
572 1348 758 1434 intorques
791 1347 886 1414 hodie
915 1349 1051 1415 bonetto
1080 1351 1318 1416 conversatione

168 1452 263 1538 deget
277 1450 300 1517 ⁶.

637 1626 844 1694 Meelin⁸.

255 1764 493 1833 Meslineneium
508 1765 520 1803 ⁷
542 1767 705 1834 honorebae
721 1774 916 1856 vetneiaeque
938 1771 1116 1836 nobilitabis
1131 1793 1195 1835 non
1220 1793 1318 1853 parve

163 1873 289 1938 familie
311 1873 470 1958 quondam
491 1873 526 1938 in
547 1869 681 1938 Bacenis
703 1873 819 1958 sylva⁸
849 1876 937 1942 sedes
960 1875 1075 1942 habuit
1097 1875 1130 1940 in
1156 1879 1261 1941 oestro
1284 1879 1317 1940 eb

166 2001 239 2045 aree
262 1977 476 2044 vetustissima
499 1977 671 2064 (inungit,
703 1977 785 2046 unde
814 1979 855 2046 eb
886 1982 1019 2067 antiquo
1054 1981 1239 2068 Grnnegker
1270 1981 1318 2046 vel

166 2083 290 2150 domini
312 2085 350 2150 de
373 2081 523 2170 Gronegk
547 2083 623 2149 dicti
646 2087 730 2149 sunt.
776 2082 836 2150 Sed
868 2085 1024 2152 bellorum
1053 2086 1232 2153 infortunio
1255 2087 1318 2152 noti

168 2187 372 2274 Grnnegkam
395 2212 485 2254 suem
508 2189 725 2276 derelinquere
747 2191 852 2256 sedem
874 2193 975 2258 coacti
1007 2197 1100 2273 sunt,
1132 2197 1165 2258 et
1188 2214 1245 2278 pro
1268 2214 1318 2256 re-

166 2293 261 2382 fugio
287 2291 457 2360 Robwilem
480 2297 648 2375 intravere,
671 2296 705 2360 in
728 2319 792 2380 qun
814 2297 949 2362 civiliter
978 2297 1120 2363 viventes
1143 2297 1264 2362 divinis
1286 2301 1319 2362 et

166 2399 343 2465 honoribus
375 2399 518 2466 floruere.
566 2399 698 2466 Nobiles
729 2405 836 2467 autem
859 2405 950 2469 exire
975 2407 1139 2469 manentes
1171 2425 1224 2468 eos
1253 2402 1318 2467 iam

166 2527 233 2570 non
257 2503 442 2591 Granegker
464 2507 517 2572 sed
540 2505 655 2571 Meslin
671 2505 878 2592 appellavere,
903 2530 961 2594 pro
983 2531 1020 2574 eo
1042 2507 1127 2593 quod
1142 2507 1228 2573 civili
1244 2507 1319 2572 viiae

167 2633 202 2675 ee
224 2610 350 2694 penitus
373 2610 573 2676 tradiderunt
588 2611 737 2677 derelicta
752 2613 914 2678 cestrensi.
963 2611 1054 2680 Unde
1073 2614 1188 2680 meelin
1203 2613 1319 2679 dieitur

168 2738 268 2801 parva
290 2715 423 2796 macule,
448 2717 524 2804 qnia
546 2717 670 2782 nobiles
692 2717 750 2783 hos
775 2719 950 2784 maculosos
974 2723 1090 2804 pnienb
1105 2719 1238 2798 nobilem
1262 2717 1317 2804 qui

166 2821 313 2886 civitates
336 2821 522 2887 inhebibent
544 2825 576 2886 eb
599 2845 670 2888 oum
694 2824 816 2889 civibus
839 2823 999 2890 connubia
1021 2825 1149 2892 hebent.
1195 2824 1243 2889 De
1267 2823 1319 2889 bie

167 2925 329 2991 nobilibus
354 2925 540 3014 Grnnegker
562 2927 627 2992 iem
648 2927 764 2994 Meslin
786 2929 862 2994 dieii
894 2929 957 2994 duo
979 2927 1095 2996 fratres
1118 2951 1185 2994 aevo
1208 2931 1318 2993 nostro

167 3027 297 3096 Ulmnm
321 3053 355 3096 se
377 3031 625 3112 transtulerunt,
657 3053 789 3118 eamque
817 3034 928 3100 urbem
955 3057 1012 3099 eno
1044 3034 1145 3099 nobili
1176 3033 1319 3120 germine

167 3136 316 3202 decorare
339 3140 504 3202 conentur.

616 3311 867 3379 Herweri⁰.
945 3308 950 3318 ’

257 3455 532 3522 Herwerbeneium
563 3455 687 3520 familie
718 3455 759 3520 eb
792 3455 925 3540 antiquo
955 3453 1092 3538 insignis
1123 3453 1157 3517 in
1188 3451 1342 3517 civitobe'

737 3597 753 3634 ss

243 3701 334 3758 lDeo
353 3702 425 3757 Mon.
443 3701 468 3756 2.
506 3699 618 3756 domino
637 3699 735 3755 Sebed.
755 3698 876 3755 Schmid.
895 3697 963 3754 Gok.
983 3697 1068 3752 Wibl.
1088 3697 1132 3751 Kl.
1158 3695 1230 3752 Boeo.
1301 3697 1318 3750 2

172 3789 287 3845 timenti
305 3787 411 3843 eoilioeb
430 3790 462 3842 vi
480 3786 583 3842 dieitur
600 3787 631 3842 in
652 3786 761 3858 psalmo
782 3787 830 3842 137
852 3785 937 3840 Wibl.
973 3783 1087 3840 timenti
1111 3801 1140 3839 ee
1163 3785 1195 3838 vi
1218 3781 1321 3838 dieitur

170 3879 202 3932 in
220 3875 330 3947 penlmo
344 3875 393 3930 13‘1
412 3875 485 3931 Mon.
497 3875 521 3930 2.
542 3873 586 3929 ΚΙ.
600 3873 661 3930 Soh.
673 3875 722 3930 Eb
758 3873 852 3930 Peelm
867 3875 917 3929 128
937 3873 1008 3929 Bees.
1046 3873 1062 3928 3
1081 3871 1222 3926 Zniobher
1233 3871 1322 3926 Wibl.

170 3966 210 4021 De
230 3963 462 4020 Zwickereneibnu
482 3963 553 4020 Mon.
574 3963 598 4018 2.
617 3963 686 4020 Goln
706 3963 780 4020 Beee.
851 3957 1135 4016 dzwiokheremium
1154 3959 1241 4014 Wibl.
1306 3963 1321 4014 5

170 4052 251 4123 degit
270 4051 342 4107 Beue.
362 4051 456 4106 ellein.
527 4051 728 4121 GMeeelinger
746 4049 789 4105 Kl.
826 4049 866 4104 Do
885 4047 1115 4119 Meelingeneibue
1134 4045 1206 4104 Mon.
1220 4047 1244 4102 2.
1283 4047 1321 4100 De

172 4138 407 4211 Meelingeneibun
425 4138 492 4195 olim
510 4138 674 4208 Grenegger
692 4139 761 4196 Gon.
785 4137 857 4193 Bene.
895 4136 1059 4206 Moselinger
1078 4135 1120 4190 Kl.
1184 4131 1323 4188 ‘lMeeeli-

171 4227 297 4284 nennium
325 4225 445 4282 Schmid.
472 4227 557 4282 Wibl.
646 4225 663 4280 8
686 4225 716 4281 in
742 4225 872 4282 Beooenie
898 4225 981 4294 sylva
1009 4227 1081 4280 Mon.
1105 4223 1129 4278 2.
1155 4221 1253 4277 Sebed.
1279 4221 1321 4274 Kl.

171 4315 293 4372 Sohmid.
313 4315 399 4370 Wibl.
434 4315 465 4370 in
486 4315 568 4385 syloe
586 4312 722 4369 Bnooiniae
743 4313 811 4370 Gok.
834 4312 904 4369 Bene.
982 4311 1182 4370 9Herwnrten
1202 4308 1243 4366 Kl.
1281 4307 1321 4365 De

171 4403 415 4462 Herwerbeneibm
437 4404 510 4460 Mon.
528 4403 553 4459 2.
573 4401 641 4458 Gok.
661 4399 733 4458 Bees.
