3014 4926
775 303 837 370 lca

387 482 435 550 Ut
457 505 476 548 a
500 485 602 548 morte
624 480 688 548 iam
711 503 858 568 resurgas
881 481 1038 548 redivivus
1061 505 1199 570 rursum,

387 585 489 652 Sanus
513 609 639 672 quoque
661 587 819 671 compleas
842 587 907 653 vite
928 591 983 653 tue
1004 611 1162 654 cursum<

389 692 498 758 Verba
519 691 597 758 Jeeu
620 693 710 776 pueri
732 691 852 777 Joseph
875 696 913 758 ut
935 693 1065 772 audivit,

388 797 589 864 confidenter
612 798 652 862 ad
675 797 816 864 defuncti
839 819 952 882 corpus
973 798 1069 864 huius
1091 799 1160 878 ivit,

308 922 360 960 2020
386 901 494 968 Verba
517 923 578 987 que
599 900 806 968 mandaverat
827 902 888 967 sibi
911 901 1005 970 Jesne
1027 903 1125 981 ciria

387 1008 438 1074 Ad
460 1009 518 1085 hec
540 1008 637 1074 verba
659 1007 804 1092 protinus
827 1011 970 1072 mortuus
993 1009 1116 1072 revixit.

392 1113 461 1180 Hoc
486 1114 624 1178 videntes
646 1112 790 1179 homines
813 1116 888 1178 snat
909 1113 1014 1178 cuncti
1035 1113 1216 1198 stupefacti,

392 1219 593 1286 Admirantes
617 1217 751 1284 nimium
774 1218 949 1284 novitatem
971 1217 1058 1284 facti.

411 1534 514 1620 Quod
543 1534 654 1608 Jesus
682 1533 771 1607 fecit
799 1533 964 1608 aviculas
991 1535 1036 1607 de
1062 1535 1205 1628 argille.

391 1746 474 1812 Puer
495 1744 589 1812 Jesns
611 1747 728 1812 iterum
749 1745 826 1810 fecit
847 1767 913 1810 rem
936 1744 1121 1822 mirandam,

316 1871 366 1908 ππ
393 1853 521 1917 Cunctis
544 1852 727 1918 nationibus
749 1851 866 1917 futuris
889 1851 1134 1916 memorandam.

393 1955 477 2022 Nam
500 1979 644 2042 egressus
666 1958 716 2022 die
730 1957 874 2042 vquadam
897 1955 1058 2022 Nazareth
1080 1955 1245 2020 castellum

395 2063 474 2130 Cum
497 2064 609 2130 ceteris
631 2064 803 2142 sodalibus,
827 2064 914 2136 venit
936 2063 975 2128 ad
999 2063 1148 2148 agellum,

394 2167 459 2234 Ubi
481 2167 607 2254 glebam
631 2169 755 2233 noviter
777 2167 922 2234 effossam
945 2167 1144 2243 invenerunt,

394 2273 442 2336 Ac
465 2273 510 2339 ibi
532 2273 626 2337 modo
649 2273 763 2356 puerili
786 2271 929 2336 ludentes
953 2271 1144 2335 resederunt.

318 2395 369 2432 2⁹³0
396 2374 489 2445 Jeeus
512 2399 589 2460 puer
611 2378 758 2462 globulos
781 2379 819 2445 de
841 2377 936 2463 gleba
958 2376 1148 2454 asciscant,

394 2481 438 2546 Et
459 2483 532 2547 inde
554 2487 679 2566 septem·
695 2483 833 2548 modicas
857 2482 995 2547 aviculas
1017 2479 1175 2546 formavit.

396 2586 481 2664 Quae
505 2588 545 2652 ad
567 2589 665 2654 solem
688 2594 762 2654 ante
785 2610 818 2652 se
841 2588 1002 2654 siccandas
1024 2585 1200 2664 collocavit,

396 2689 443 2756 Ut
465 2691 584 2776 singuli
607 2693 652 2756 sic
673 2692 814 2758 facerent
836 2693 928 2758 sociis
951 2690 1123 2756 mandavit.

394 2797 470 2861 Dies
493 2802 562 2862 erat
584 2797 725 2876 sabbati;
749 2802 826 2864 tunc
848 2799 977 2882 quidam
998 2796 1180 2881 supervenit

318 2921 369 2958 πει
395 2900 525 2980 Judeus,
548 2909 714 2986 operantes
736 2904 794 2970 hoe
819 2927 932 2988 pueros
954 2901 1086 2980 invenit,

399 3005 514 3070 Verbis
537 3008 593 3092 qui
616 3009 791 3074 durissimis
813 3011 885 3074 illos
908 3007 1093 3091 increpavit,
1222 3059 1227 3072 .

396 3111 441 3175 Et
462 3110 573 3180 Jesum
595 3115 794 3180 contumeliis
816 3114 925 3180 multis
948 3111 1133 3195 impulsarit

398 3215 529 3282 Dicens:
556 3217 667 3304 »begis
690 3218 793 3304 Moysi
816 3243 872 3285 vce
894 3219 969 3284 estis
991 3223 1249 3302 transgressores,

397 3320 482 3386 Nam
507 3322 599 3388 video
622 3347 677 3391 roa
700 3325 823 3390 sabbati
848 3325 915 3396 fare
935 3327 1188 3407 contemptorem

324 3445 375 3483 aare
403 3425 447 3490 Et
469 3431 505 3492 tn
528 3426 606 3494 Jesn
628 3451 751 3514 semper
773 3431 853 3496 soles
876 3430 957 3496 festa
980 3429 1107 3508 violare,

398 3530 466 3596 Nec
488 3537 613 3600 nostros
636 3536 713 3602 einis
736 3557 851 3618 pueros
874 3539 909 3598 tn
927 3534 1139 3626 sabbatizare.

398 3637 478 3705 Arte
501 3643 556 3704 tua
579 3661 653 3704 nem
675 3640 797 3704 seducis
820 3641 904 3724 ipsos
927 3640 961 3706 in
984 3639 1143 3716 delictum,
1260 3625 1263 3630 Δ

403 3741 445 3812 Ut
467 3765 561 3828 super
584 3765 637 3808 eos
660 3745 767 3810 veniat
790 3745 868 3832 legis
891 3745 1123 3814 maledictumic

400 3848 449 3912 nd
472 3848 529 3914 hec
552 3850 647 3914 rerba
670 3873 748 3934 puer
770 3849 863 3916 Jesus
887 3851 968 3918 nihil
991 3851 1212 3935 respondebat,

322 3971 373 4008 2⁰4⁵
400 3953 460 4018 Sed
483 3977 562 4038 opus
585 3957 669 4040 quod
692 3957 852 4041 inceperat
875 3957 933 4022 hec
956 3957 1148 4040 perficiebat,

399 4057 447 4123 Ob
471 4058 531 4122 hec
553 4058 673 4124 Judeus
695 4061 880 4145 indignatus
903 4062 974 4145 pius
996 4061 1080 4144 cepit
1103 4059 1334 4144 blasphemare,

402 4164 444 4227 Et
467 4164 597 4228 accessit
620 4164 659 4230 ad
682 4164 838 4238 infantem
864 4166 971 4232 volens
994 4166 1179 4232 conculcare

399 4267 568 4351 Imagines,
592 4291 670 4354 quae
693 4270 810 4336 fecerat
832 4271 908 4336 felix
931 4293 1009 4354 puer
1031 4271 1095 4348 ille,

400 4371 438 4439 In
461 4375 581 4461 figures
603 4375 710 4445 aviam
733 4377 771 4442 de
794 4374 940 4445 formulis
963 4376 1085 4461 argilla.
