3014 4926
661 339 702 406 85

269 510 306 577 In
329 533 392 597 qno
413 515 490 578 tunc
512 513 716 582 simulacrum
739 516 895 584 deiectum
918 540 981 585 uon
1004 520 1130 589 iaceret

185 635 243 674 που
271 617 298 682 Α
323 617 383 683 diis
405 639 481 704 ergo
504 620 709 704 requirebant
730 623 895 706 pontifices
917 626 1118 711 templorum,

267 720 335 797 Que
357 723 448 788 ruine
469 745 565 790 oense
587 724 669 792 foret
692 731 759 792 tum
781 729 889 814 gravis
912 731 1080 798 idolorum.

267 825 511 913 Responderunt
533 831 689 910 demones,
713 832 796 917 quod
820 837 940 900 terrem
962 837 1134 920 introisset,

267 932 354 999 Deus
376 935 506 1000 deorum
529 937 670 1002 omnium
693 961 786 1022 quem
808 939 901 1026 virgo
923 943 1095 1029 genuisset,

267 1038 430 1106 Dicentes:
454 1039 536 1118 Quia
557 1063 663 1107 corum
686 1065 723 1108 eo
745 1047 830 1110 stere
854 1068 918 1112 non
941 1047 1103 1130 audemus,

182 1163 239 1203 πει
269 1143 428 1232 Suemqne
449 1148 641 1231 presentium
663 1149 795 1216 sufferre
818 1173 882 1216 non
904 1153 1055 1220 velemus.

190 1463 302 1550 Quod
332 1463 407 1536 dux
434 1465 652 1540 Affrodisius
678 1468 799 1564 primo
828 1470 1004 1562 cognovit
1029 1471 1171 1546 Jesum.

272 1673 334 1741 Sed
357 1675 419 1740 dux
443 1673 634 1740 Affrodisius
655 1675 742 1740 illius
764 1676 903 1742 civitatis

271 1779 448 1846 Clamorem
471 1783 566 1865 etque
589 1780 757 1864 strepitum
778 1780 995 1847 universitatis

272 1885 319 1952 Et
340 1885 514 1950 tumultum
535 1885 645 1970 populi
666 1907 819 1972 magnum
831 1907 913 1950 »oum
935 1888 1066 1970 audivit,

272 1987 377 2064 Quare
399 1989 482 2055 foret
502 1993 612 2054 tentius
635 1989 753 2054 clamor
776 2011 812 2056 cc
834 1990 994 2076 strepitus,
1018 1995 1164 2078 quesivit.

185 2115 243 2154 seeo
272 2094 342 2162 Sibi
364 2099 440 2162 tunc
463 2115 645 2179 responsum
670 2099 727 2174 est,
751 2095 784 2160 in
807 2095 926 2179 templo
949 2097 1033 2181 quod
1056 2120 1184 2166 suorum

271 2199 428 2268 Universa
450 2200 642 2266 corruissent
664 2200 750 2266 idola
772 2200 911 2280 deornm,

268 2307 313 2373 ut
334 2307 367 2372 in
389 2305 501 2391 templi
523 2306 703 2390 pavimento
726 2306 854 2392 singule
876 2307 1038 2374 confracto

269 2412 418 2479 decerent
439 2415 471 2476 et
492 2412 525 2476 in
547 2411 680 2478 minime
702 2411 841 2477 frustula
863 2413 998 2478 reductu

269 2517 319 2583 Ex
341 2517 402 2584 hoc
425 2517 616 2582 Affrodisius
638 2517 733 2584 nimis
755 2516 959 2602 obstupescit,

183 2643 242 2682 ποι
269 2621 318 2688 De
340 2621 460 2708 tulique
482 2622 627 2708 prodigio
650 2621 766 2707 spiritu
788 2623 938 2707 pavescit,

268 2728 313 2794 Et
335 2747 491 2813 exurgens
514 2726 683 2792 festinatus
706 2725 861 2810 templum
882 2725 1038 2808 introivit,

269 2831 317 2897 Ac
340 2833 477 2898 deiectos
499 2831 573 2898 deos
595 2853 670 2897 suos
692 2831 824 2911 invenit,
847 2834 885 2896 ut
907 2832 1038 2898 audivit

270 2936 470 3004 Exulemcvit
491 2959 567 3004 voce
588 2959 707 3024 mcgns
728 2937 849 3002 dicens:
872 2935 930 3002 hec
951 2941 1092 3022 potestus
1217 2971 1220 2978 ·

269 3041 366 3109 (luins
388 3044 438 3110 dei
460 3045 579 3129 poterit
600 3035 783 3127 esse,'quod
806 3042 955 3108 mciestcs

187 3169 243 3208 που
269 3149 314 3216 Et
335 3149 440 3234 glorie
462 3148 582 3216 deiecta
603 3153 651 3214 est
674 3153 741 3214 tem
763 3148 900 3232 turpiter
922 3148 1052 3214 deorum

270 3251 462 3320 Nostrorum
484 3257 517 3320 et
539 3255 699 3320 destructe
722 3259 770 3319 est
791 3253 895 3318 virtus
916 3253 1082 3318 idolorum.

269 3357 434 3436 Quomodo
457 3361 622 3428 defendere
644 3383 678 3426 se
700 3382 764 3426 non
786 3363 959 3444 potuerunt

270 3461 383 3530 Nostri
406 3463 460 3544 dii,
483 3465 538 3550 qui
561 3487 684 3550 semper
705 3469 812 3530 temen
834 3463 945 3528 invicti
967 3469 1232 3548 permenserunt?

273 3567 318 3636 Ut
340 3573 417 3653 puto
439 3569 568 3654 quidem
590 3591 692 3634 novus
715 3569 791 3646 deus
814 3571 932 3633 terrem
954 3569 1037 3634 hunc
1058 3569 1202 3650 intravit,

105 3691 111 3702 ·
187 3692 245 3732 που
272 3673 335 3751 Qui
350 3674 423 3740 deos
438 3679 565 3740 nostros
588 3674 711 3760 expulit
732 3678 765 3740 et
786 3673 859 3739 dees
881 3673 1054 3760 effugerit:

269 3779 355 3846 Nem
377 3781 444 3848 eius
466 3781 506 3848 ed
528 3782 695 3848 introitum
717 3781 761 3846 dii
784 3779 885 3846 nostri
907 3781 963 3866 qni
985 3783 1061 3844 sunt
1082 3779 1191 3860 clausi,

271 3885 309 3950 In
331 3886 435 3952 eureis
457 3887 634 3953 simulacris
657 3891 742 3952 stare
763 3907 827 3952 non
850 3889 926 3952 sunt
947 3885 1026 3951 sissi.

271 3989 333 4058 Per
354 3993 458 4078 ipsum
482 3993 566 4060 enim
588 3995 769 4060 destruetur
790 4013 899 4058 eorum
921 3991 985 4056 iem
1008 3989 1142 4070 culture,

272 4098 316 4164 llt
338 4103 387 4164 est
408 4121 492 4174 nove
514 4100 581 4166 vite
602 4099 725 4164 cunctis
748 4097 898 4188 llgypdis
920 4097 1039 4164 lutura.

681 4224 699 4265 ιι

181 4325 256 4385 289³
275 4323 425 4384 enuere
441 4329 514 4386 cett
532 4326 662 4382 frustula.
747 4271 754 4282 .
