3014 4926
660 360 702 424 99

261 534 507 620 Responderunt
528 535 639 619 pueri:
667 534 849 612 »Quomodo
872 553 1034 618 possemus
1132 605 1133 611 ἵ

260 639 352 726 Ipsos
374 639 638 725 comprehendere
660 663 732 705 cum
754 645 821 704 rete
843 659 906 704 non
929 638 1126 704 habemus?‹

263 745 355 811 Jesns
379 746 443 809 ait:
470 743 592 828 >Prope
614 749 764 831 stagnum
787 760 901 828 parvas
923 743 1076 808 iaciemus

262 848 387 929 Fossae,
411 854 443 914 et
465 849 647 934 piscinulae,
671 851 697 914 si
720 849 797 913 illuc
819 849 1005 912 inducamus

177 973 232 1012 2⁸10
263 953 392 1041 Aquam
415 976 471 1039 per
494 955 642 1033 alveolos,
666 961 745 1020 tunc
767 954 971 1039 egredientur

262 1061 310 1128 De
332 1065 447 1146 stagno
470 1061 579 1144 pisces,
609 1061 665 1144 qui
688 1081 823 1144 pernes
846 1058 954 1123 statim
977 1059 1151 1143 capientur.

264 1165 358 1232 Jesus
381 1170 417 1230 ut
439 1166 598 1245 docuerat,
622 1166 712 1250 pueri
734 1164 879 1230 iecerunt

263 1271 371 1356 Atque
393 1272 454 1336 sibi
478 1271 621 1356 singulas
644 1272 780 1356 piscinas
803 1273 1058 1348 construxerunt,

262 1377 308 1442 Et
329 1400 385 1461 per
407 1382 526 1442 terram
548 1376 653 1441 alveos
676 1377 714 1442 de
736 1380 851 1460 stagno
873 1379 1075 1459 paraverunt,

177 1502 235 1540 πω
264 1481 325 1547 Per
346 1504 425 1567 quas
448 1503 546 1566 aquas
569 1483 601 1545 in
625 1503 698 1546 suas
721 1481 893 1566 piscinulae
917 1481 1086 1565 duxerunt.

253 1585 356 1652 'Jesus
378 1609 452 1651 vero
475 1593 644 1672 postquam
665 1609 756 1651 suam
779 1586 968 1670 piscinulam
992 1587 1127 1670 paravit,
1186 1665 1188 1669 Ι

264 1690 311 1758 Ut
332 1691 370 1757 de
392 1695 508 1776 stagno
530 1692 630 1776 pisces
653 1691 735 1756 hanc
757 1691 915 1756 intrarent
936 1691 1116 1775 imperavit,

265 1797 327 1874 Qui
348 1798 499 1863 mandato
523 1797 612 1881 pueri
635 1797 711 1862 Jesu
734 1801 919 1881 paruerunt,

266 1900 424 1988 Stagnum
447 1909 595 1970 exeuntes
618 1927 710 1970 suam
730 1905 884 1988 piscinam
907 1904 1121 1987 repleverunt;

181 2027 238 2063 asae
266 2006 386 2072 Judeus
409 2010 538 2094 quidam
559 2011 750 2093 supervenit,
774 2009 882 2073 videns
905 2010 1029 2092 operari

266 2111 392 2188 Pueros.
407 2115 441 2178 in
464 2112 616 2193 Sabbato,
640 2115 724 2198 cepit
744 2114 917 2198 indignari.

267 2217 373 2302 Atque
395 2219 520 2284 dulcem
542 2243 672 2305 puerum
697 2219 807 2284 Jesum
830 2219 1025 2304 increpabat,

267 2322 310 2386 Et
331 2322 437 2406 ipsum
458 2324 657 2390 contumeliis
680 2325 788 2389 multis
812 2324 1015 2408 impulsabet,

265 2427 398 2494 Dicens:
425 2427 565 2495 >Nostra
586 2430 719 2494 sabbata
741 2429 924 2514 frequenter
946 2429 1067 2495 violare

189 2553 243 2590 aeae
270 2531 358 2599 Soles
380 2537 477 2619 atque
498 2535 564 2600 dies
586 2536 684 2600 festos
707 2557 768 2599 non
793 2535 841 2599 ris
864 2535 1041 2599 observare.

266 2637 333 2703 Nec
354 2661 418 2703 non
442 2643 566 2704 nostros
589 2658 703 2724 pueros
726 2639 838 2704 callide
861 2639 982 2703 seducis

266 2741 382 2808 Tecum
405 2749 443 2808 ut
464 2744 748 2826 transgrediantur,
773 2744 812 2808 ed
834 2745 895 2808 hoc
917 2765 970 2808 eos
992 2743 1145 2808 inducis«

266 2845 359 2912 Jesus
381 2849 445 2912 ait:
472 2847 561 2912 »Tua
582 2853 620 2913 tu
641 2847 776 2913 sabbeta
797 2847 929 2926 custodi,

265 2951 336 3038 Ego
358 2953 460 3018 multo
483 2955 651 3039 plusquam
673 2959 708 3018 tu
732 2957 982 3038 transgressores
1005 2953 1057 3017 odi

187 3075 240 3113 ²⁸³⁰
265 3057 369 3144 Legis,
392 3062 426 3122 et
446 3081 466 3122 a
486 3063 519 3122 te
541 3059 650 3123 docere
672 3081 736 3123 non
758 3057 860 3122 habeo
882 3077 1017 3136 necesse,

267 3163 374 3228 Etiam
398 3163 557 3228 doctorem
579 3185 684 3228 meum
707 3167 739 3228 te
761 3185 825 3227 non
848 3163 937 3228 decet
959 3181 1035 3227 esse.

266 3267 349 3334 Nam
372 3273 521 3354 precepta
543 3269 592 3333 dei
616 3269 677 3333 mei
700 3269 844 3353 legisque
866 3267 1053 3332 mandatum

267 3373 433 3439 custodire
454 3397 524 3440 sum
547 3380 678 3460 paratus
700 3355 1015 3438 incontaminatum«

271 3481 318 3544 Ad
342 3481 400 3546 hec
422 3481 519 3546 verba
541 3481 637 3546 miser
658 3479 713 3544 ille
734 3477 854 3544 Judeus
877 3479 1072 3563 indignatus,

191 3601 243 3638 πω
269 3583 313 3648 Et
335 3585 368 3650 in
391 3585 437 3649 ire
460 3585 595 3649 maxime
618 3583 758 3648 furorem
779 3581 1005 3662 inflammatus,

269 3689 317 3754 Ad
339 3688 416 3755 Jesu
437 3689 626 3773 piscinulam
648 3691 788 3754 cucurrit
809 3693 841 3753 et
864 3689 1030 3768 destruxit,

267 3794 460 3860 Oonculcans
483 3815 598 3880 aquam
621 3794 831 3879 pedibnsper
853 3793 972 3857 rivulos
994 3793 1114 3858 eduxit.

267 3898 360 3966 Jesus
381 3901 444 3964 ait:
470 3899 668 3984 ›Impunitus
690 3899 751 3964 hoc
772 3899 892 3964 fectum
915 3919 978 3962 non
1000 3899 1163 3978 transibis,

268 4003 350 4070 Nem
373 4011 475 4071 morte
497 4007 664 4070 subitanea
686 4003 860 4070 miserrime
882 4003 1030 4088 peribis«

194 4127 244 4164 Μ
269 4107 383 4174 Statim
407 4116 573 4197 postquam
590 4109 683 4177 Jesus
698 4133 776 4196 puer
791 4111 852 4175 hoc
868 4111 997 4173 verbum
1013 4109 1255 4188 consummarit,

190 4244 194 4250 ·
270 4213 318 4279 Ad
341 4220 459 4281 terrain
483 4217 578 4282 miser
600 4235 749 4281 corruens
772 4213 893 4279 Jndeus
915 4213 1080 4296 expiravit.

270 4317 338 4383 Hoc
360 4319 501 4385 videntes
522 4320 636 4405 reliqui
659 4319 749 4403 pueri
771 4317 947 4402 lugierunt,

271 4419 403 4510 Suisque
425 4425 609 4509 parmtibus
632 4425 752 4489 factum
774 4423 963 4488 retulenmt.
1024 4457 1033 4473 ι
1063 4457 1070 4472 ·

1010 4527 1025 4581 7
1037 4527 1050 4554 ι
