3060 4936
817 383 880 449 168

273 583 356 626 6666
379 559 498 626 domini
524 562 608 626 1265
623 559 761 624 ecclesia
778 558 918 644 6661611,
943 563 975 623 61
997 557 1084 623 dedit
1098 557 1143 622 eis
1158 555 1324 622 licentiam
1339 555 1424 620 alind

272 666 460 732 instituendi
483 665 710 730 monasterium
732 666 781 730 sui
804 664 942 742 ordinis,
974 665 1008 728 in
1031 663 1114 748 qnod
1138 663 1249 746 reponi
1272 661 1422 728 deberent

273 795 396 838 sorores
419 771 597 856 quindecim
614 793 652 834 cx
667 769 837 853 Medingcn
853 791 911 852 pro
927 767 1116 834 relevamine
1137 767 1223 832 illius
1238 771 1421 832 conventus.

272 878 334 942 hoc
355 881 393 941 ut
414 877 499 940 inter
521 875 644 940 nobiles
668 875 834 958 vulgatum
857 873 938 952 fuit,
968 895 1141 959 generosus
1163 873 1212 937 616
1236 871 1422 938 Walthems

273 1005 292 1046 a
315 979 534 1064 Vaimingen¹
557 979 694 1044 contulit
715 979 877 1044 sororibus
900 979 1010 1044 villam
1032 1002 1122 1044 suam
1145 978 1331 1062 Medlingen
1354 999 1422 1042 cnm

273 1086 420 1151 omnlbus
441 1083 533 1149 bonis
566 1087 599 1148 et
627 1084 805 1149 attinentiis
834 1106 905 1148 cnm
938 1083 1097 1149 adiutorio
1127 1089 1160 1148 61
1190 1085 1222 1147 16
1255 1083 1423 1167 6666666116

177 1181 263 1261 610111.
271 1191 388 1256 nobilis
412 1189 473 1256 viri
494 1188 638 1254 Heinrici
661 1187 738 1274 sper
762 1194 793 1254 et
815 1191 990 1254 multorum
1018 1189 1190 1269 nobilium,
1225 1190 1281 1274 661
1311 1210 1424 1254 manns

272 1297 442 1361 adiutrices
464 1294 672 1380 porrigebant
694 1297 734 1359 ad
761 1293 1002 1360 aediticationem
1029 1295 1215 1360 monasterii
1237 1294 1421 1379 Medlingen

272 1401 498 1467 6666666161
525 1402 607 1466 1266
635 1403 727 1466 nonis
759 1402 843 1484 maji.
891 1399 1061 1465 AEdificato
1094 1407 1200 1466 autern
1231 1399 1424 1465 monasterio

273 1508 430 1572 miserunt
451 1505 674 1591 Medingenses
706 1507 882 1590 quindecim
913 1527 1035 1571 sorores
1064 1506 1097 1570 in
1121 1505 1322 1590 Mcdlingen,
1355 1526 1426 1590 quae

274 1615 435 1679 venientes
458 1613 491 1676 in
515 1612 621 1678 locum
644 1612 847 1678 devotissimo
876 1611 1035 1676 famulatu
1056 1611 1124 1675 Deo
1156 1610 1353 1690 serviebant,
1387 1611 1425 1674 66

274 1741 352 1803 quas
374 1719 482 1782 multae
506 1717 577 1782 aliae
608 1719 748 1802 virgines
776 1717 932 1782 nobilium
955 1715 1030 1780 filiae
1061 1715 1273 1782 confluebant.
1320 1715 1426 1782 'Panto

273 1828 380 1888 autem
403 1821 518 1886 affectu
533 1821 679 1886 dominus
697 1821 882 1887 Waltherus
905 1823 983 1887 baro
1005 1823 1044 1887 66
1059 1821 1252 1909 Vaimingen'
1273 1823 1426 1886 fundator

273 1931 382 1993 earum
405 1927 443 1992 ad
467 1947 520 1992 eas
542 1931 612 1992 erat
633 1928 814 2008 inclinatus,
838 1931 875 1991 ut
897 1927 1054 2014 quottidie
1076 1927 1199 1993 diurnis
1228 1927 1345 1993 officiis
1376 1928 1425 1991 in-

273 2037 414 2111 teresset,
438 2037 574 2117 616666
605 2033 768 2098 nocturnis
800 2033 887 2097 horis
921 2035 959 2098 de
989 2029 1180 2118 Vaimingen
1212 2033 1355 2098 66666611
1387 2031 1424 2096 66

273 2140 457 2204 matutinas.
503 2137 541 2202 ln
563 2138 679 2224 agonia
701 2143 807 2203 autem
831 2139 1023 2202 constitutus
1046 2139 1129 2222 apud
1160 2161 1211 2202 eas
1241 2137 1371 2222 sepeliri
1393 2159 1425 2201 66

274 2245 436 2310 mandavit
458 2247 491 2308 et
513 2242 640 2328 rogavit
663 2265 724 2321 666,
749 2249 794 2323 61,
818 2243 845 2306 61
861 2244 1061 2328 contingeret
1084 2263 1136 2307 666
1151 2244 1192 2307 66
1214 2241 1271 2307 1116
1287 2245 1425 2326 migrare

273 2349 397 2414 166616
422 2348 528 2427 alium,
553 2349 635 2432 6666
660 2370 732 2412 6666
753 2371 810 2412 666
832 2348 952 2431 pariter
975 2369 1080 2412 secum
1096 2347 1254 2412 tollerent.
1302 2347 1426 2412 Existi-

273 2455 383 2519 mabat
404 2454 489 2518 enim
505 2453 716 2536 6166666666,
740 2475 863 2517 sorores
879 2455 906 2517 61
929 2453 1228 2537 multiplicarentur,
1252 2475 1316 2516 666
1336 2475 1423 2516 6666-

274 2558 498 2624 66666161116
521 2557 590 2622 loco
614 2563 743 2642 propter
766 2579 920 2642 aquarum
944 2557 1111 2622 defectum.
1136 2559 1188 2623 sed
1205 2557 1356 2623 ariditate
1371 2557 1425 2622 illa

274 2687 338 2728 non
362 2663 527 2741 obstante,
550 2685 650 2746 nsque
672 2661 766 2728 hodie
789 2664 822 2727 in
845 2663 914 2728 loco
945 2668 1084 2728 manent.
1131 2661 1297 2728 Steterunt
1319 2668 1424 2728 autern

275 2769 330 2832 illa
345 2769 545 2832 'monasteria
576 2769 638 2832 duo
670 2767 768 2850 longo
791 2773 933 2852 tempore
962 2768 996 2832 in
1020 2769 1087 2833 vita
1110 2769 1224 2833 devota
1254 2789 1357 2852 nsque
1388 2768 1425 2831 ad

274 2873 372 2938 161166
395 2873 514 2939 ordinis
538 2873 782 2957 praedicatorum
805 2873 1053 2938 destitutionem.
1089 2879 1165 2939 1666
1196 2873 1280 2938 enim
1303 2875 1339 2937 in
1362 2873 1425 2938 dies

274 2979 495 3044 decrescebant
518 2977 620 3056 ambo,
644 2982 677 3041 61
700 2977 998 3061 multiplicabantur
1020 2979 1169 3044 scandala
1190 2979 1224 3042 in
1248 2979 1351 3043 totius
1374 3001 1424 3044 or-

275 3085 358 3151 dinis
380 3085 596 3150 confusionem
611 3089 643 3148 et
659 3085 769 3167 patriae
787 3075 1012 3163 turbationem,
1036 3087 1251 3168 quapropter
1273 3085 1425 3149 bonorem

275 3190 395 3255 ordinis
418 3213 481 3254 non
505 3189 632 3273 expedit
654 3189 863 3274 singulariter
885 3195 1025 3275 tangere.
1072 3187 1213 3253 'l'andem
1228 3193 1337 3254 autem
1360 3213 1425 3254 aero

276 3301 385 3360 666166
400 3293 613 3359 crescentibus
630 3294 921 3372 reformationibus,
938 3319 1010 3359 cnm
1024 3295 1089 3359 iam
1101 3300 1273 3360 conventus
1286 3295 1424 3360 fratrum

276 3402 307 3464 in
332 3399 428 3465 Ulma
460 3403 542 3464 66661
568 3399 758 3463 reformatus
787 3421 843 3482 per
872 3399 1078 3464 reverendum
1107 3401 1298 3484 magistrum
1321 3399 1425 3464 Ludo-

276 3505 380 3569 616666
403 3505 525 3582 Fncbs,
558 3503 656 3588 coepit
677 3503 760 3568 idem
783 3505 937 3589 magister
970 3505 1066 3569 etiarn
1095 3510 1233 3570 tractare
1263 3504 1302 3569 66
1326 3506 1426 3570 66166-

275 3610 416 3674 matione
438 3611 566 3674 illorum
589 3611 722 3674 duorum
739 3603 1013 3688 monasteriorum,
1037 3615 1069 3674 et
1087 3609 1278 3674 hortabatur
1295 3631 1425 3675 venera·

277 3715 373 3780 bilem
390 3719 512 3798 patrem
524 3715 690 3802 AEgidinm
705 3714 923 3780 Schwartman
936 3713 959 3794 ²,
976 3715 1114 3800 priorem
1123 3714 1393 3780 Lantabutensem
1404 3715 1426 3792 ³,

277 3825 314 3883 61
336 3821 419 3905 6666
442 3821 599 3886 illustrem
622 3821 795 3904 principem
819 3819 983 3886 dominum
1003 3819 1185 3886 Lndwicum
1200 3819 1347 3885 Bavariaa
1369 3819 1427 3884 du·

843 3948 859 3980 1

349 4021 362 4072 1
383 4019 543 4089 Vainingen
563 4019 605 4072 ΚΙ.
643 4018 808 4074 waltherus
822 4020 890 4075 6666
909 4019 944 4074 66
958 4019 1135 4088 1161666666
1149 4019 1222 4075 lion.
1241 4021 1262 4074 l.
1281 4017 1364 4074 Gold.
1377 4021 1426 4080 ut,

278 4107 349 4161 wohl
371 4105 533 4175 Feimingen
554 4105 1175 4188 6666666666,6616666666666166666
1202 4105 1258 4160 666
1280 4105 1427 4177 Lauingen

279 4192 356 4247 nicht
376 4193 549 4262 l'inningen,
573 4193 663 4248 66661.
684 4211 709 4247 v.
729 4193 889 4263 Dillingen,
915 4195 987 4249 nahe
1005 4211 1042 4248 66
1060 4194 1110 4248 666
1128 4195 1426 4264 66611666666666666

278 4279 391 4336 (irenae.
458 4283 776 4338 2866616666Μ66.1.
814 4283 1023 4339 Schwartmann
1038 4283 1123 4337 Wibl.
1159 4281 1327 4336 6666116666
1346 4282 1427 4339 Gold

279 4369 319 4421 61.
366 4366 558 4423 6666661666
577 4370 638 4425 Sch.
659 4369 702 4422 Kl.
721 4371 811 4425 Schm.
906 4360 1175 4426 abrincatensem
1193 4369 1279 4426 Wibl.
1328 4371 1429 4425 16616·

278 4453 440 4511 6611666666
459 4455 533 4514 1166.
553 4459 575 4511 1.
594 4456 676 4514 6616.
696 4460 738 4512 61.
775 4459 1013 4514 Lanzthntensem
1033 4457 1122 4513 6666.
