3060 4936
808 360 872 424 212

265 553 364 616 usque
387 531 426 596 ad
443 531 555 617 Hystri
580 531 694 597 fontes.
739 531 1005 620 Negotiatoribus
1020 537 1139 602 nostris
1161 537 1301 602 multum
1324 539 1413 604 affert

264 637 420 702 commodi
434 637 463 716 ¹,
496 637 551 722 qui
574 660 593 702 a
614 638 744 703 civitate
766 635 911 704 Ulmensi
935 661 992 724 per
1013 641 1118 725 ipsum
1141 641 1174 706 in
1198 642 1336 708 Bavaria
1357 649 1412 708 ete.

354 793 444 861 Gold.
471 796 548 876 das,
572 795 624 861 Fr.
649 819 673 862 s.
698 797 740 862 49
764 819 793 861 v.
817 799 846 862 3.
885 797 972 864 Ulm.
996 821 1020 864 a.
1047 799 1088 864 14
1110 822 1134 866 z.
1159 800 1208 864 34„

352 901 435 966 unde
466 901 571 966 aurati
604 901 729 966 velleris
760 899 871 966 fabula
902 902 1037 968 conficta
1069 903 1151 970 est’.
1199 902 1412 970 Veruntamen

263 1005 462 1072 translator'
497 1006 639 1072 historiae
672 1005 816 1072 Troianae
847 1007 880 1072 in
909 1007 1019 1072 stilum
1041 1007 1249 1088 familiarem,
1285 1011 1412 1076 delectis

261 1111 433 1197 figmentis,
459 1111 561 1176 Guido
577 1112 615 1177 de
634 1111 794 1176 calumnia
809 1111 829 1178 l.
849 1113 876 1178 1.
900 1135 926 1178 c.
947 1115 985 1194 1.,
1009 1113 1086 1178 dicit
1108 1113 1288 1200 gent[il]em
1307 1137 1412 1202 regem

263 1217 423 1284 Colchidis
452 1217 614 1283 cumulum
643 1217 786 1284 thesauri
817 1219 927 1304 magui
957 1220 1147 1303 possedisse,
1181 1223 1213 1286 et
1236 1242 1410 1305 possessum

261 1325 411 1389 custodire
434 1325 588 1390 traditum
612 1323 754 1390 mirabili
776 1346 852 1388 cura
875 1324 925 1389 dei
949 1324 1079 1405 Martis,
1107 1326 1196 1392 cuius
1219 1327 1254 1391 in
1270 1326 1413 1392 custodia

259 1427 355 1494 hoves
378 1430 507 1516 quidam
523 1429 666 1516 deputati
690 1434 782 1496 eraut
805 1434 932 1496 urentes
948 1431 1092 1496 flammas
1108 1455 1147 1496 ex
1169 1453 1223 1496 ore
1239 1437 1411 1512 vomentes,

260 1539 292 1600 et
315 1535 408 1601 draco
431 1535 573 1620 squamis
603 1535 753 1600 horridus
783 1535 928 1600 flammas
951 1536 1062 1618 igneas
1085 1536 1255 1614 exhalans,
1289 1543 1322 1602 et
1346 1537 1412 1602 haec

259 1663 316 1724 per
338 1641 592 1706 incantationum
607 1641 763 1725 figmenta
785 1645 817 1705 et
840 1645 924 1705 artes
949 1639 1188 1706 mathematicas
1210 1642 1294 1706 sieut
1307 1642 1414 1728 posita

260 1749 360 1810 erant.
406 1745 452 1811 sic
482 1745 579 1812 etiam
608 1745 768 1830 Josephus
798 1744 1032 1812 mathematicis
1062 1745 1185 1810 artibus
1208 1743 1412 1813 Salomonem

259 1849 424 1917 thesauros
437 1852 608 1917 immensos
620 1849 784 1916 inclusisse
796 1855 930 1936 paterno
942 1851 1120 1935 sepulchro,
1136 1855 1173 1915 ut
1184 1873 1283 1936 supra
1294 1853 1411 1937 patuit.

259 1955 446 2042 Quicunque
477 1979 553 2044 ergo
576 1956 661 2020 huuc
684 1955 869 2020 thesaurum
897 1957 1022 2040 optavit
1043 1955 1178 2033 habere,
1209 1978 1282 2021 curn
1308 1957 1412 2022 bobus

260 2083 384 2126 neeesse
407 2061 547 2125 hahebat
561 2062 642 2125 inire
664 2065 823 2124 certamen
846 2064 878 2124 et
894 2060 1020 2124 demum
1042 2081 1113 2124 cum
1130 2059 1275 2125 dracone.
1306 2061 1411 2126 Huius

262 2173 368 2232 alitem
390 2165 533 2232 thesauri
549 2165 710 2230 cumulum
734 2165 827 2230 multi
843 2165 965 2230 strenui
986 2163 1048 2230 sibi
1064 2186 1205 2250 quarere
1228 2165 1409 2245 voluerunt,

256 2273 308 2337 sed
326 2271 590 2357 impugnantibus
607 2269 834 2335 incantationis
850 2271 953 2334 noxiis
974 2292 1038 2334 non
1053 2270 1196 2334 thesauri
1211 2271 1409 2354 compendia,

258 2378 311 2442 sed
335 2378 440 2442 finalis
463 2378 523 2442 sibi
546 2377 632 2441 necis
655 2375 819 2459 dispendia
841 2374 1065 2460 quaesiverunt.
1095 2373 1167 2440 vide
1188 2373 1223 2438 iu
1247 2373 1408 2440 Guidone:

255 2483 413 2567 quomodo
440 2481 539 2548 Jason
562 2482 694 2565 adeptus
717 2479 768 2544 sit.
815 2479 862 2544 De
885 2502 921 2546 eo
944 2485 1051 2545 autem
1064 2493 1068 2501 “
1081 2479 1196 2546 vellere
1224 2501 1297 2544 cum
1325 2481 1408 2566 apud

255 2609 362 2652 omnes
385 2590 467 2652 esset
489 2587 577 2652 fama
600 2591 658 2652 etc.

342 2742 433 2808 Gold.
457 2742 478 2810 l.
504 2742 529 2809 l.
555 2767 580 2809 c.
605 2747 624 2810 3
649 2743 686 2809 de
710 2743 823 2810 Rheno
846 2743 953 2810 fluvio.
1000 2743 1053 2810 Fr.
1078 2767 1103 2811 s.
1128 2747 1169 2810 50
1193 2769 1217 2810 z.
1243 2747 1273 2811 5.
1321 2743 1404 2812 Um

254 2871 278 2914 s.
306 2849 346 2913 14
368 2873 394 2913 z.
421 2849 470 2914 17.

339 2955 389 3020 Ex
417 2954 568 3020 Rhaeticis
599 2954 753 3040 Alpibus,
785 2979 804 3020 a
839 2953 977 3041 quibus⁴
1011 2977 1125 3020 nomen
1156 2955 1273 3021 suum⁸
1305 2955 1406 3021 trehit

250 3059 391 3138 Rhenus,
408 3083 502 3146 quem
518 3062 673 3126 tamenin
690 3060 855 3126 Pantheon
883 3059 1073 3126 linotfridus6
1096 3062 1241 3126 nominat
1266 3059 1401 3126 Leman·

252 3191 329 3233 num
343 3167 373 3246 ⁷,
406 3167 511 3230 dicens
534 3167 574 3230 ab
597 3189 633 3231 eo
662 3171 764 3230 totam
788 3167 950 3254 regionem
973 3165 1169 3231 denominari
1193 3165 1404 3245 Alemaninm,

252 3271 410 3358 particula
432 3271 513 3336 IX⁸.
559 3273 607 3337 De
631 3272 792 3356 Alpibus⁹
817 3293 879 3384 pon
903 3273 998 3359 longe
1021 3273 1062 3337 ab
1085 3273 1219 3338 invicem
1244 3277 1303 3337 etc.

327 3415 336 3466 1
361 3412 481 3465 multum
499 3410 672 3466 commodum
690 3411 774 3465 affert
787 3411 859 3467 hlon.
875 3413 896 3466 1.
911 3410 991 3466 Gold.
1028 3412 1148 3464 multum
1166 3409 1249 3466 affert
1267 3410 1406 3466 commodi

251 3498 314 3554 Sch.
338 3499 382 3552 Kl.
453 3499 468 3551 2
493 3495 550 3552 Das
574 3497 705 3566 folgende
729 3498 772 3551 bis
790 3497 876 3554 Jason
894 3497 1012 3568 adeptus
1031 3497 1068 3552 sit
1086 3497 1159 3553 fehlt
1188 3498 1231 3553 bei
1250 3499 1331 3555 Gold.
1388 3499 1405 3553 3

253 3592 438 3642 veruntamen
456 3585 611 3642 translator
630 3586 671 3640 bis
688 3585 807 3655 adeptus
823 3586 860 3639 sit
875 3585 965 3640 haben
985 3603 1038 3639 nur
1066 3583 1126 3639 Sch.
1153 3583 1196 3639 Kl.
1223 3586 1279 3640 und
1307 3586 1405 3640 fabren

250 3675 324 3731 fort:
350 3675 390 3729 De
408 3692 440 3730 eo
460 3677 554 3729 autem
580 3673 683 3728 vellere
703 3675 753 3727 etc.
796 3672 868 3728 Mon.
891 3675 915 3728 2.
935 3675 987 3728 hat
1012 3673 1183 3744 abgelihrzt:
1213 3675 1405 3729 Veruntamen

250 3763 406 3818 translator
430 3761 554 3817 historia
579 3760 707 3817 Troianae
725 3761 756 3814 in
775 3761 871 3816 stilum
890 3761 1060 3816 familiarem
1080 3761 1171 3818 Guido
1189 3761 1224 3816 de
1242 3761 1404 3834 calumpnia

252 3849 322 3905 dicit
340 3869 474 3920 magnum
495 3851 658 3904 thesaurum
676 3849 865 3906 custodivisse.
901 3847 1031 3904 similiter
1047 3847 1182 3920 Josephus
1199 3849 1234 3904 de
1247 3847 1404 3912 Salomone,

251 3939 286 3993 de
304 3955 359 4008 quo
378 3938 449 3992 alies
468 3938 551 4008 plura
569 3943 621 3994 etc.
711 3941 802 3994 lion
821 3957 838 3993 a
854 3937 955 4007 quihus
983 3935 1026 3990 bis
1051 3937 1193 4008 particula
1211 3936 1249 3990 lx
1269 3937 1343 3992 fehlt
1361 3935 1404 3990 bei

252 4025 331 4081 Gold.
369 4030 384 4082 5
404 4027 506 4081 Escher
524 4045 550 4097 p.
573 4029 621 4084 113
639 4025 682 4082 las
701 4025 761 4081 hier
779 4025 823 4081 bei
842 4023 903 4080 Sch.
922 4023 1058 4095 aquibus
1077 4043 1143 4080 vero
1157 4041 1251 4078 suum:
1271 4041 1300 4080 es
1320 4025 1406 4080 heisst

251 4113 318 4168 aber
337 4130 438 4169 nomen
457 4131 546 4168 suum.
635 4113 814 4169 6Gotfridus
840 4113 913 4168 fehlt
937 4111 981 4166 bei
1010 4111 1083 4168 Mon.
1102 4111 1125 4165 2.
1215 4111 1403 4166 ‘lLemcnum

248 4201 322 4258 Mon.
342 4203 366 4256 2.
403 4203 420 4256 8
442 4201 543 4256 Escher
561 4201 640 4256 fflhrt
659 4200 703 4256 die
722 4201 803 4256 stelle
822 4217 871 4255 aus
890 4199 980 4255 Gotfr.
992 4199 1099 4254 Viterb.
1119 4197 1264 4254 Pantheon
1282 4215 1350 4269 pars
1366 4197 1403 4252 lx

248 4289 339 4361 (nieht
361 4287 422 4361 141)
449 4307 501 4354 an,
528 4307 570 4346 no
589 4307 642 4343 nur
665 4287 753 4352 steht,
780 4287 844 4342 dass
869 4287 961 4358 einige
979 4285 1125 4342 l'alschlich
1144 4284 1198 4341 deu
1216 4303 1319 4342 namen
1343 4287 1404 4340 Ale·

247 4377 343 4432 mania
362 4395 392 4434 so
410 4376 543 4433 ableiten.
585 4377 642 4432 Das
660 4375 753 4432 hlaine
775 4375 889 4448 gedieht
906 4375 981 4446 fclgt
999 4379 1086 4430 nnten
1105 4391 1126 4432 a.
1145 4375 1205 4429 221.
1277 4377 1294 4429 9
1323 4373 1403 4430 Gold.

247 4467 325 4522 nure
343 4469 415 4523 nach
437 4465 569 4521 Rhatieis
590 4465 706 4537 Alpibus
726 4463 796 4522 fort:
816 4463 850 4521 (le
868 4465 968 4536 quibus
985 4481 1042 4520 non
1062 4463 1146 4532 longa
1164 4461 1200 4516 ab
1219 4460 1348 4517 invicem.
