3060 4936
667 355 670 362 ¹
793 367 857 434 206

248 542 428 608 absolutam
451 541 657 620 abbatissam,
681 541 720 606 ad
743 542 986 626 egrediendum,
1021 549 1053 610 et
1074 565 1132 610 nec
1153 546 1321 629 promissis
1342 569 1398 614 nec

247 647 342 714 minis
372 646 502 712 retineri
533 650 700 730 poterant,
731 647 793 711 nisi
816 647 978 713 abbatissa
1009 649 1156 714 absoluta
1184 650 1399 718 declararetur

248 775 314 818 esse
337 752 440 817 adhuc
456 751 619 817 abbatissa
642 755 673 816 et
696 774 759 817 non
777 753 933 818 absoluta.
979 753 1040 818 Sed
1055 754 1131 819 dum
1153 755 1214 821 hoc
1230 755 1397 822 Ulmenses

167 859 379 939 ,‚⁰„·„minime
401 857 503 923 lacere
527 862 656 942 possent
679 862 735 922 aut
758 858 882 940 vellent,
914 863 947 924 st
967 859 1044 944 ipsae
1067 861 1221 926 moniales
1245 883 1318 928 cum
1341 886 1396 928 sua

249 963 412 1031 abbatissa
447 966 512 1032 iam
543 966 752 1032 subsisterent
789 970 821 1032 et
850 967 962 1051 pedem
995 968 1036 1032 ab
1074 989 1203 1054 egressu
1237 969 1398 1034 retrabere

248 1072 377 1152 vellent,
400 1073 561 1139 iusserunt
576 1073 697 1138 domini
712 1071 879 1138 Ulmenses
896 1097 948 1138 eas
963 1097 1019 1160 per
1042 1096 1149 1140 servos
1166 1075 1266 1139 educi.
1291 1075 1397 1159 sicque

248 1179 367 1243 eductae
384 1183 469 1258 sunt,
485 1183 518 1243 ct
532 1199 604 1242 cum
617 1179 814 1263 processione
829 1179 990 1245 civitatem
1003 1179 1190 1247 Ulmensem
1204 1179 1398 1246 introierunt

248 1285 286 1348 ad
318 1285 447 1350 domum
482 1283 739 1369 congregationis
776 1285 974 1351 dominarum
1012 1286 1115 1351 tertiae
1154 1286 1274 1372 regulae
1314 1285 1398 1350 beati

247 1391 418 1456 Francisci.
465 1388 538 1454 Non
571 1393 677 1454 antem
705 1389 815 1454 multis
846 1389 961 1474 elapsis
992 1390 1102 1456 diebus
1131 1390 1274 1456 fautores
1298 1393 1399 1475 partis

249 1519 354 1562 earum
379 1517 581 1580 nequaquam
604 1517 655 1559 eas
671 1493 777 1560 Ulmae
799 1494 883 1559 inter
906 1496 1037 1560 aenrulas
1060 1517 1188 1560 manere
1210 1496 1400 1575 suadebant,

248 1602 301 1668 ssd
325 1601 384 1666 sub
407 1598 635 1684 protectionem
668 1603 700 1662 et
722 1598 788 1663 alas
811 1597 946 1664 alienius
974 1600 1094 1665 domini
1117 1600 1299 1686 confugere.
1350 1599 1402 1666 Sic

248 1729 325 1794 ergo
348 1709 615 1771 consurrexerunt
639 1707 671 1767 et
692 1705 725 1768 iu
751 1703 930 1790 Giutzburg
953 1705 1118 1790 oppidum,
1143 1707 1193 1771 cui
1216 1710 1295 1771 tunc
1318 1729 1402 1792 prae·

247 1821 316 1881 erat
331 1813 477 1879 dominns
494 1809 715 1894 Augustanus,
740 1811 971 1896 migraverunt,
996 1815 1029 1875 et
1051 1811 1124 1875 iude
1141 1811 1303 1896 dispersae,
1329 1835 1400 1878 cunr

248 1941 346 2005 parva
369 1917 557 1982 secularium
586 1915 793 1982 aedificatione
815 1917 1035 2002 evagabantur
1067 1922 1099 1983 et
1122 1916 1209 1981 mille
1238 1937 1312 1981 cum
1337 1918 1402 1982 suis

248 2024 427 2091 fautoribus
446 2018 616 2108 ¹practices
649 2023 908 2108 excogitaverunt
938 2023 978 2087 ad
1002 2021 1196 2088 turbandum
1220 2020 1401 2100 Ulmenses,

248 2129 444 2196 concitantes
472 2128 631 2214 principes
655 2132 687 2193 et
716 2128 970 2194 communitates.
1015 2128 1148 2193 Duobus
1178 2131 1285 2192 autem
1310 2128 1401 2193 aunis

248 2238 293 2301 sic
316 2235 432 2320 elapsis
464 2234 558 2300 rediit
588 2233 716 2298 domina
739 2231 901 2298 Christian
923 2232 1044 2298 Strdlin
1074 2233 1207 2318 antiqua
1238 2232 1402 2298 abbatissa

248 2341 288 2408 ad
311 2363 382 2420 cor,
415 2340 573 2425 nequead
604 2339 840 2405 observantiam
863 2338 970 2417 dedit,
1003 2342 1035 2403 et
1065 2359 1135 2402 cum
1159 2337 1307 2421 pluribus
1331 2339 1402 2403 aliis

248 2448 379 2513 reducta
401 2452 449 2512 est
472 2448 505 2510 in
529 2469 621 2510 suum
645 2443 881 2510 monasterium.
930 2443 1011 2508 Aliae
1032 2465 1108 2508 vero
1132 2443 1234 2508 redire
1256 2443 1402 2509 nolentes

247 2553 381 2639 provisa
397 2556 472 2616 sunt
495 2555 527 2616 et
542 2552 643 2616 ductoe
660 2551 697 2615 ad
715 2549 778 2615 alis
794 2550 994 2614 monasteria.
1020 2553 1053 2614 et
1072 2547 1119 2614 ita
1134 2549 1283 2633 quoqne¹
1303 2571 1401 2634 usque

247 2658 341 2723 hodie
352 2649 581 2722 monastbrium
595 2655 757 2741 Selliugen
774 2656 833 2720 sub
845 2655 912 2732 rita
924 2655 1066 2740 regulari
1075 2653 1165 2739 degit
1179 2655 1212 2718 in
1227 2654 1400 2720 multorum

248 2762 498 2829 aedificationem.
545 2761 605 2828 Est
628 2767 734 2827 autem
767 2761 995 2825 monasterium
1019 2760 1139 2844 grande
1169 2763 1202 2823 ct
1225 2759 1401 2838 abundans,

248 2889 284 2933 ac
299 2867 494 2948 delectabile,
518 2868 608 2952 aquis
631 2867 798 2952 irriguum,
822 2865 856 2930 iu
879 2865 968 2930 cuius
990 2863 1113 2950 septis²
1137 2867 1288 2929 emanant
1312 2886 1401 2950 aquae

247 2973 285 3038 de
308 2973 407 3038 fundo
429 2977 533 3052 terrae,
557 2973 684 3057 dempto
710 2971 833 3051 Blauio,
856 2969 946 3036 cuius
969 2993 1043 3056 pars
1066 2970 1114 3035 ibi
1137 2971 1314 3056 pertransit
1327 2969 1350 3036 ³.

760 3275 827 3344 Gap.
848 3275 888 3330 13.

151 3384 303 3484 'attane
334 3418 440 3484 locis
472 3440 604 3503 prope
628 3415 813 3496 Ulmam,
848 3421 965 3482 extra
992 3415 1161 3480 moenia
1183 3414 1400 3481 ciuitatis.

334 3610 385 3675 Ex
399 3609 559 3694 praedictis
570 3614 660 3695 patet
675 3631 774 3696 usque
789 3609 860 3689 huc,
879 3608 1036 3694 quomodo
1048 3606 1146 3674 Ulms
1161 3607 1401 3672 cucumamica

248 3720 297 3779 est
312 3715 466 3780 varietate
481 3715 646 3800 religionis
662 3737 718 3799 per
733 3736 861 3801 gyrum.
897 3713 992 3779 Nunc
1007 3737 1065 3799 pro
1081 3712 1282 3778 conclusione
1296 3713 1401 3778 ridere

248 3823 348 3884 restat
370 3821 485 3905 quibus
507 3819 626 3884 uallata
648 3820 691 3885 sit
722 3843 821 3906 prope
843 3842 971 3884 murum
998 3819 1117 3884 sanctis
1150 3823 1183 3884 et
1206 3817 1346 3884 ecclesiis
1368 3821 1400 3882 et

248 3924 399 4009 patronis.
447 3923 533 3989 Villa
556 3925 701 4009 proxima
724 3931 771 3990 est
787 3925 958 4010 Seflingen,
982 3925 1016 3988 in
1041 3947 1105 4009 qua
1128 3929 1176 3989 est
1198 3924 1294 3988 beata
1310 3924 1400 4008 virgo

247 4029 417 4116 praesidens
434 4031 468 4094 in
490 4031 584 4095 horto
605 4030 767 4116 virginum
792 4035 825 4095 et
847 4031 887 4095 ab
912 4029 1072 4095 occidente
1087 4051 1195 4095 muros
1210 4029 1399 4094 custodiens.

814 4184 832 4222 *

319 4285 329 4336 l
350 4299 459 4353 quoque
478 4284 529 4338 bat
547 4283 627 4338 Gold.
648 4285 688 4340 ut.
750 4285 892 4355 draptem
912 4284 973 4340 Sch.
993 4283 1036 4339 m.
1058 4283 1144 4339 Wibl.
1163 4282 1292 4338 Schmid.
1327 4279 1400 4352 (Sela.

246 4373 297 4425 hat
315 4375 400 4441 septe,
419 4391 446 4426 m
466 4371 694 4441 ausgestrichen.)
748 4377 765 4428 3
784 4373 938 4443 pertransit
956 4375 1007 4426 etc.
1024 4372 1099 4427 Mon.
1115 4373 1135 4425 l.
1147 4395 1153 4437 3
1167 4371 1252 4428 Gold.
1270 4369 1327 4425 und
1342 4368 1398 4423 alle

248 4459 353 4514 andern
373 4458 515 4515 mauuslrr.
535 4459 627 4514 baben
646 4461 698 4515 etc
716 4460 796 4516 nicht
815 4460 975 4531 beigcsetat.
