3060 4936
705 309 768 375 187

158 485 205 552 ibi
227 485 444 551 fundaverunt
466 485 606 572 regionis
629 485 769 567 nobiles,
802 509 899 573 quam
929 489 1103 554 autoritate
1136 489 1311 574 apostolica

158 593 291 658 liberam
315 595 348 657 et
369 597 549 676 exemptam
563 591 717 672 fecerunt,
742 615 813 678 quae
836 594 918 658 nulli
940 594 1070 660 suberat
1085 595 1231 680 episcopo
1254 600 1311 660 aut

159 697 305 784 plebano,
329 701 366 762 ut
387 697 497 762 littera
517 697 715 763 fundationis
736 698 922 764 monasterii
938 701 1089 780 continet,
1113 722 1209 784 quam
1232 700 1307 766 vidi.

157 803 280 871 Deinde
309 801 433 868 nobiles
466 801 556 868 illam
586 803 749 868 ecclesiam
782 807 814 868 et
844 804 952 868 omnia
982 804 1053 870 iura
1084 805 1151 870 eius
1181 806 1309 871 domino

159 909 270 977 abbati
285 909 319 973 in
335 911 444 972 sancto
458 905 595 992 Georgio
610 909 863 994 resignaverunt,
880 908 936 994 qui
951 909 984 974 iu
997 908 1066 974 loco
1082 911 1309 978 monasterium

161 1013 348 1081 monialium
381 1013 482 1078 erexit
513 1033 647 1096 parvum
678 1017 711 1077 et
743 1012 843 1088 exile,
884 1014 966 1098 quod
998 1035 1098 1098 nsque
1129 1015 1168 1080 ad
1200 1027 1311 1082 nostra

72 1149 75 1156 ¹
159 1126 304 1204 tempora
319 1117 418 1183 stetit.
465 1115 535 1182 Hoc
551 1120 658 1182 autem
675 1116 805 1181 domina
819 1115 944 1182 Helena
958 1117 1103 1184 funditus
1124 1141 1181 1203 pro
1197 1120 1309 1186 maiori

159 1229 251 1310 parte
273 1223 408 1303 avulsit,
432 1225 464 1286 et
486 1221 633 1302 solenne,
662 1223 747 1306 quod
768 1222 864 1288 bodie
887 1229 936 1288 est
957 1223 1141 1305 aedificavit,
1165 1225 1199 1289 in
1222 1227 1310 1292 cuins

159 1329 347 1397 fundatione
367 1328 401 1392 in
424 1331 519 1394 terrae
541 1326 715 1392 visceribus
737 1333 923 1414 repererunt
943 1330 1080 1414 grandia
1100 1328 1312 1396 fundamenta

158 1436 365 1521 antiquarum
386 1436 620 1498 structurarum
642 1437 674 1498 et
697 1431 911 1499 humanorum
939 1435 1058 1500 ossium
1081 1435 1260 1520 congeriem
1278 1441 1311 1502 εὴ

159 1543 223 1608 alia
252 1539 434 1607 huiusmodi
465 1539 634 1628 vetustatis
664 1540 767 1628 signa.
813 1535 929 1626 Super
945 1539 1147 1628 Urspringen
1180 1542 1213 1606 iu
1248 1543 1312 1608 alia

159 1651 250 1734 parte
272 1645 390 1712 montis
414 1645 552 1728 erumpit
581 1644 653 1709 fons
676 1644 790 1730 iugens
819 1649 851 1710 et
873 1646 907 1710 in
930 1646 1063 1711 fluvium
1091 1667 1232 1713 crescens
1254 1671 1312 1733 per

146 1754 238 1836 ,alias
271 1752 369 1817 valles
397 1749 502 1815 tendit
532 1749 566 1814 in
596 1750 790 1817 Danubium.
822 1751 938 1816 dicitnr
971 1757 1077 1817 autem
1110 1753 1226 1818 fluvius
1257 1755 1312 1820 ille

155 1857 347 1926 Schmiecha
361 1855 382 1935 ¹,
406 1855 444 1922 de
460 1877 523 1939 qno
546 1854 607 1920 boc
626 1853 832 1920 memorabile
855 1857 939 1941 quod
954 1858 1100 1942 sequitur
1122 1861 1161 1924 ad
1184 1861 1310 1928 oculum

160 1964 312 2029 videmus.
358 1959 444 2026 Dum
466 1961 550 2026 enim
574 1982 613 2025 ex
635 1983 692 2026 suo
715 1960 805 2026 fonte
827 1962 1040 2048 importunius
1063 1965 1231 2048 evomitur,
1254 1990 1311 2051 per

162 2071 277 2136 vallem
300 2067 439 2133 decurrit
461 2067 495 2131 in
519 2089 605 2146 arva,
628 2087 764 2149 moxque
787 2067 821 2131 in
843 2067 921 2151 ipsis
944 2069 1045 2152 pratis
1068 2071 1257 2137 absorbetur
1279 2076 1312 2138 et
1394 2081 1398 2088 '

158 2175 286 2260 penitus
310 2173 464 2258 disparet,
497 2170 588 2255 quasi
615 2170 651 2235 in
679 2175 771 2237 terrae
802 2173 908 2238 sinum
939 2174 1060 2238 occulte
1088 2175 1310 2256 abscondatur,

160 2281 236 2367 quia
258 2302 323 2345 non
345 2301 403 2364 per
424 2275 611 2342 manifestas
634 2280 727 2342 terrae
749 2276 901 2342 scissuras
924 2278 1118 2364 ingreditur,
1142 2280 1195 2346 sed
1219 2284 1310 2366 qnasi

157 2383 362 2450 invisibiliter
385 2405 469 2449 nunc
493 2383 583 2461 fluit,
607 2387 639 2448 et
662 2387 734 2468 post
755 2383 915 2448 modicum
938 2405 1002 2448 non
1032 2390 1089 2450 est.
1129 2408 1193 2471 qua
1216 2407 1255 2452 ex
1277 2409 1311 2452 re
1324 2405 1408 2486 ,352¹

158 2491 306 2556 existimo
338 2490 408 2555 rivo
441 2488 490 2554 illi
524 2487 585 2554 hoc
613 2510 729 2554 nomen
759 2488 945 2554 Schmiecha
977 2512 1044 2555 esse
1074 2491 1203 2572 dutum,
1235 2494 1311 2578 quia

157 2595 357 2662 schmiecherr
379 2595 413 2659 in
437 2599 546 2660 nostro
570 2595 696 2680 vulgari
718 2595 868 2661 idiomata
891 2595 1052 2681 significat
1075 2597 1250 2678 occultare,
1278 2598 1413 2684 etufflw,

157 2702 234 2787 quia
256 2699 372 2766 fluvius
395 2700 449 2764 ille
464 2721 521 2784 per
536 2699 664 2784 aliquod
679 2701 820 2784 spatium
835 2701 1023 2780 occultatur,
1047 2703 1138 2786 quasi
1155 2702 1188 2767 in
1204 2703 1309 2768 sinum

156 2805 389 2893 geschmieoht,
413 2805 484 2870 ideo
507 2803 671 2876 Schmiech
694 2811 835 2886 vocatur,
859 2829 878 2870 a
900 2827 964 2892 quo
994 2807 1090 2872 etiam
1114 2808 1190 2872 villa
1212 2830 1310 2893 prope

157 2935 249 2978 suam
264 2911 420 2996 originem
436 2931 552 2975 nomen
569 2909 698 2995 accepit.
724 2911 809 2976 Dum
824 2933 902 2996 ergo
917 2915 1010 2976 terras
1030 2914 1197 2978 immersus
1212 2912 1311 2978 fuerit

158 3022 192 3083 et
213 3040 269 3102 per
291 3017 424 3102 longum
448 3014 588 3100 spatium
609 3016 643 3080 in
660 3015 831 3082 visceribus
851 3021 883 3081 et
898 3017 987 3082 venis
1002 3021 1096 3082 terrae
1112 3019 1309 3102 processerit,

157 3123 287 3190 tandem
309 3122 401 3208 quasi
433 3123 603 3206 impatiens
626 3143 691 3188 suae
721 3121 905 3187 inclusionis
935 3122 1026 3186 iuxta
1055 3121 1165 3186 villam
1197 3121 1309 3188 Alma·

157 3231 276 3314 dingen
299 3229 403 3312 ruptis
432 3227 532 3312 petris
564 3231 596 3292 et
618 3227 723 3292 scissis
746 3225 879 3312 rupibus
910 3227 1091 3311 importune
1122 3227 1256 3292 resultat
1279 3233 1312 3292 et

155 3333 411 3402 molendinarum
422 3339 509 3399 rotas
526 3333 639 3419 agitat,
655 3333 923 3419 progrediensque
938 3355 1031 3397 suum
1041 3353 1156 3396 nomen
1168 3331 1310 3414 resumit,

156 3444 189 3506 et
222 3439 314 3525 quasi
345 3441 437 3506 laetus
467 3440 506 3505 de
538 3462 595 3504 sua
628 3439 816 3504 liberatione
849 3436 983 3502 festinus
1016 3442 1128 3502 contra
1160 3437 1312 3522 oppidum

37 3567 40 3573 ·
156 3543 351 3631 Echingen'
372 3545 528 3624 decurrit,
557 3565 620 3630 quo
642 3543 785 3630 ingresso
808 3547 841 3608 et
862 3543 968 3628 rigato
996 3564 1051 3626 per
1078 3565 1155 3606 arva
1185 3541 1311 3624 decidit,

155 3650 369 3736 Danubioque
391 3650 476 3716 inter
497 3648 691 3736 Nassgastat
713 3649 822 3714 villam
845 3655 877 3714 et
902 3647 986 3732 Berg
1007 3646 1153 3714 illabitur
1167 3647 1190 3714 ⁸.

725 3829 743 3868 ¹l¹

232 3965 246 4020 1
266 3964 445 4021 Schmiecben
464 3963 781 4034 hatten-ursprilnglioh
800 3963 862 4019 Seb.
881 3963 939 4018 und
959 3962 1013 4028 Kl.,
1034 3963 1101 4018 aber
1120 3962 1200 4018 beide
1219 3961 1312 4017 haben

157 4055 203 4112 ein
224 4071 242 4109 a
261 4053 329 4108 uber
346 4071 389 4109 en.
460 4051 753 4122 abtungensem.
790 4051 943 4120 Elchingen
966 4051 1008 4104 Kl.
1029 4051 1079 4108 Eli.
1098 4050 1193 4114 Wibl,
1214 4049 1310 4104 falech.

156 4143 173 4197 3
193 4142 269 4197 inter
287 4140 461 4210 Nassgastat
478 4139 608 4194 illabitur
626 4139 725 4194 villum
737 4141 766 4193 et
778 4138 853 4208 Berg
865 4139 926 4194 Sch.
938 4137 981 4192 Kl.
996 4138 1097 4193 ebenso
1115 4137 1188 4194 Mon.
1210 4137 1233 4190 1.
1253 4120 1333 4190 und⁰

154 4229 236 4288 Gold.
256 4231 305 4294 ut..
325 4227 384 4283 und
403 4228 478 4284 diere
497 4231 590 4283 setnen
609 4228 680 4284 noch
699 4226 756 4283 bei:
777 4230 827 4282 eto.
