3080 4938
811 365 852 437 68

254 538 350 608 batur
373 541 393 612 l.
419 540 572 612 honorem
597 597 604 611 .
629 599 636 613 .
662 551 694 612 et
716 547 738 612 l.
761 550 798 612 ut
820 547 979 634 gradatim
1007 547 1082 614 etl.
1112 545 1324 634 gerendorum
1348 547 1414 635 [di-

254 654 334 735 gest.
358 650 380 714 l.
404 651 446 715 50
470 652 521 716 tit.
545 652 582 730 4,
618 674 670 737 qu.
697 652 747 730 10,
773 651 824 728 ll,
850 653 903 734 143
929 654 959 731 3,
983 657 1029 736 tl,
1062 655 1088 717 ff
1109 655 1146 718 de
1167 657 1353 721 muneribus
1376 661 1413 721 et

254 755 428 820 honoribus
444 753 479 839 ¹).
535 755 684 842 Legimus
718 779 856 842 namque
887 758 1055 842 aliquoties
1087 760 1239 844 quosdam
1268 761 1412 846 plebeios

253 860 414 945 ignobiles
440 861 542 926 factos
564 883 659 946 super
674 862 814 940 illustres
832 868 963 947 propter
979 865 1103 930 merita.
1149 863 1242 930 Unde
1258 865 1412 932 Valerius

253 963 413 1032 Maximus
436 966 457 1030 l.
481 967 501 1030 3
524 989 550 1032 c.
573 965 620 1032 3²
646 967 737 1033 dicit:
770 967 885 1032 humili
915 968 983 1034 loco
1012 969 1082 1034 nati
1110 969 1229 1036 virtute
1259 971 1299 1036 ad
1322 994 1409 1037 sum·

252 1095 338 1136 mam
361 1077 559 1157 consurgunt
582 1072 774 1157 dignitatem
797 1076 829 1137 εὴ
850 1075 1109 1158 generosissimus
1140 1074 1239 1142 foetus
1269 1082 1344 1162 post
1374 1100 1412 1142 se

253 1175 448 1262 relinquunt.
494 1176 589 1242 Patet
604 1177 641 1242 de
657 1177 751 1242 Tullo
768 1175 781 1215 ³
805 1177 955 1258 Hostilio,
979 1181 1035 1265 qui
1052 1181 1125 1246 licet
1141 1182 1261 1266 agresti
1277 1183 1412 1268 tugurio

252 1287 346 1347 natus
370 1282 479 1360 fuerit,
503 1287 610 1348 tamen
633 1283 803 1366 imperium
835 1283 1015 1350 Romanum
1031 1287 1145 1352 tertius
1160 1287 1260 1364 rexit3
1283 1293 1316 1354 et
1331 1287 1416 1354 Tar-

253 1387 382 1470 quinius
405 1385 542 1466 Priscus,
566 1387 639 1472 qui,
663 1408 736 1451 cum
758 1392 841 1453 esset
864 1395 953 1458 ortus
976 1413 1015 1454 ex
1037 1397 1213 1458 mercatore
1235 1393 1308 1458 vilis
1330 1415 1410 1458 con·

253 1491 393 1571 ditionis,
416 1497 546 1577 propter
570 1492 671 1557 clarae
698 1493 833 1557 virtutes
855 1515 911 1557 rex
928 1495 1059 1579 quintus
1075 1495 1292 1564 Romanorum
1316 1498 1412 1564 effec-

252 1602 305 1663 tus
340 1602 402 1674 est3
432 1603 464 1663 ct
487 1597 612 1664 Tullius
636 1596 765 1663 Servius
798 1598 916 1663 infimae
949 1600 1137 1668 nativitatis.
1185 1601 1296 1668 Potest
1328 1624 1409 1688 ergo

252 1701 430 1787 Imperator
453 1702 590 1788 aliquem
614 1703 769 1768 villanum
792 1707 825 1767 ct
849 1703 943 1768 vilem
966 1705 1068 1771 lacere
1083 1707 1221 1773 nobilem
1249 1713 1281 1774 et
1296 1709 1410 1786 civem,
1525 1795 1526 1800 ἵ

252 1806 388 1888 etfacit,
405 1809 459 1874 sed
471 1809 597 1874 nonnisi
612 1813 742 1894 propter
758 1809 900 1893 aliquam
915 1811 1133 1877 excellentiam
1149 1813 1282 1878 alicuius
1298 1815 1411 1898 probi-

253 1915 330 1978 tatis
354 1919 386 1978 et
409 1913 547 1978 virtutis.
593 1912 668 1980 Ideo
689 1937 752 1978 non
776 1919 852 1980 sunt
875 1918 1044 1999 spernendi
1065 1917 1114 1981 illi
1137 1919 1260 1984 nobiles
1276 1924 1309 1985 et
1324 1921 1410 1984 cives

253 2019 332 2084 facti
355 2020 395 2084 ob
419 2020 576 2084 virtutum
600 2021 724 2100 merita,
748 2022 831 2086 sicut
852 2020 975 2086 nobiles
998 2027 1073 2087 suut
1088 2021 1278 2108 despiciendi
1295 2030 1327 2090 et
1342 2047 1408 2090 non

252 2147 310 2208 pro
334 2124 495 2190 nobilibus
518 2125 665 2203 habendi,
691 2125 745 2210 qui
767 2130 897 2211 propter
921 2128 999 2192 vitia
1023 2128 1063 2192 ab
1086 2128 1278 2214 imperatore
1292 2131 1410 2214 degra-

252 2231 385 2309 dantur,
418 2231 494 2316 quia
513 2236 630 2314 potest
652 2231 690 2296 de
713 2232 899 2298 militenen
926 2232 1059 2296 militem
1083 2233 1187 2300 facere
1207 2238 1239 2299 et
1262 2257 1334 2299 eum
1356 2236 1410 2299 in-

252 2335 397 2419 signibus
431 2333 610 2400 nobilitatis
645 2337 771 2420 prirare
802 2336 852 2423 (ut
883 2337 961 2402 dicit
992 2337 1042 2402 lex
1075 2337 1108 2402 ff.
1143 2337 1271 2426 [digest.
1304 2340 1325 2404 l.
1364 2343 1409 2404 49

252 2442 303 2506 tit.
329 2441 369 2504 16
393 2441 422 2524 P]
446 2442 484 2506 de
507 2463 540 2506 re
571 2441 664 2506 milit.
689 2441 709 2506 l.
735 2443 755 2506 3
779 2443 797 2526 ξ
821 2441 942 2527 penult.
974 2442 1063 2508 auth.
1087 2465 1127 2508 ne
1149 2443 1254 2536 clerici
1280 2497 1286 2510 .
1312 2493 1319 2509 .
1344 2446 1409 2527 .)⁴.

251 2545 336 2609 Dum
353 2567 429 2630 ergo
446 2546 619 2629 imperator
640 2544 766 2610 Ulmum
782 2546 885 2626 mittit
907 2546 1045 2631 aliquem
1062 2547 1220 2631 plebeium
1240 2547 1407 2626 villanum,

252 2656 284 2716 et
307 2673 377 2715 eum
394 2652 494 2715 civem
510 2650 588 2715 facit
604 2651 773 2734 privilegia
787 2651 927 2716 civitatis
942 2652 1097 2732 tribuens,
1120 2653 1148 2717 si
1169 2657 1275 2737 potest
1291 2655 1405 2718 ducere
1525 2689 1526 2708 κ

252 2760 370 2820 statum
394 2755 481 2834 civis,
505 2777 577 2820 eum
599 2756 699 2821 civem
716 2761 945 2841 recognoscunt
960 2759 992 2821 et
1013 2757 1168 2822 nobilium
1183 2758 1313 2836 socium,
1338 2781 1404 2822 non

252 2863 399 2926 obstante
417 2860 610 2926 obscuritate
626 2884 690 2926 suae
707 2863 895 2942 nativitatis,
912 2863 988 2946 quia
1002 2867 1200 2946 praesumunt
1212 2885 1283 2927 eum
1296 2861 1405 2947 aliqua

252 2967 337 3032 clara
360 2967 479 3031 virtute
496 2966 614 3050 pollere
630 2971 663 3032 et
677 2968 903 3052 rempublicam
921 2969 985 3032 suis
1007 2968 1127 3034 divitiis
1150 2969 1298 3034 decorare
1313 2990 1405 3053 posse

232 3073 301 3138 'vel
324 3095 382 3138 sua
405 3072 575 3157 prudentia
597 3061 753 3156 prodesse.
799 3073 843 3138 Et
871 3073 1015 3158 quamvis
1045 3072 1212 3140 Ulmenses
1248 3073 1405 3157 recipiant

251 3179 370 3263 passim
403 3199 503 3242 novos
535 3179 618 3242 cives
648 3178 681 3242 in
711 3178 853 3244 ordinem
877 3180 1060 3260 tertiorum,
1095 3202 1231 3266 eumque
1260 3181 1402 3246 ordinem

252 3287 470 3370 augmentent,
486 3283 644 3366 recipiunt
658 3289 765 3348 tamen
781 3285 885 3350 solum
896 3286 1015 3349 alienos
1030 3289 1062 3350 et
1074 3285 1114 3348 ab
1127 3290 1219 3350 extra
1230 3287 1402 3364 venientes,

251 3411 330 3474 quos
353 3389 526 3473 imperator
549 3393 582 3453 et
604 3389 664 3472 ipsi
696 3389 810 3475 dignos
832 3391 1058 3468 iudicaverint,
1083 3395 1115 3456 et
1137 3413 1300 3476 nunquam
1323 3391 1403 3456 reci-

816 3517 833 3554 *

322 3599 334 3650 l
357 3599 388 3650 vt
412 3595 516 3667 probat
536 3597 580 3651 lex
604 3595 677 3651 ffde
696 3597 857 3653 muneribus
881 3601 910 3653 ct
928 3599 1057 3654 oneribus
1075 3599 1094 3652 l.
1113 3599 1246 3656 honorem
1272 3603 1301 3654 et
1326 3599 1344 3652 l.
1372 3603 1404 3653 rt

250 3685 396 3755 gradatim
427 3687 456 3739 et
485 3686 498 3738 f
524 3685 708 3755 gerendorum
737 3688 809 3741 Mon.
839 3687 869 3752 25
909 3687 949 3741 ΚΙ.
976 3687 1032 3740 und
1052 3687 1112 3740 Sch.
1132 3687 1183 3740 wie
1202 3686 1241 3740 im
1260 3689 1334 3750 te1t;
1371 3689 1403 3740 vt

251 3774 388 3843 probatur
407 3791 458 3844 per
477 3775 494 3827 l.
516 3773 647 3828 honorem
666 3773 687 3828 l.
705 3775 738 3826 ut
756 3774 900 3843 gradatim
926 3776 954 3829 et
973 3777 988 3842 ξ
1008 3773 1191 3844 gerendorum
1213 3773 1236 3826 D
1255 3773 1289 3829 de
1308 3791 1403 3828 mune·

250 3861 327 3914 ribus
344 3863 373 3914 et
391 3861 543 3916 honoribus
561 3857 646 3914 Wibl.
667 3859 787 3915 Schmid.
824 3864 855 3914 vt
873 3862 1009 3931 probatur
1028 3861 1093 3930 Leg.
1121 3861 1255 3918 honorem
1279 3862 1306 3916 io
1332 3860 1403 3916 ffde

250 3965 356 4003 muner.
376 3951 404 4002 et
422 3965 497 4003 oner.
517 3948 540 4000 it
559 3946 576 4000 l.
597 3949 630 4000 ut
651 3947 800 4016 gradatiue
820 3949 874 4020 [ll]
897 3950 931 4019 [l.
951 3949 1048 4006 honor.
1069 3950 1112 4019 14]
1132 3949 1148 4020 ᾗ
1167 3949 1352 4019 gerendorum
1371 3949 1401 4002 ff.

250 4036 309 4092 eod.
330 4036 400 4092 eok.
421 4035 494 4090 Besa.
565 4035 581 4087 2
602 4034 730 4089 Valerius
748 4036 886 4090 maximus
905 4037 924 4090 l.
943 4039 960 4091 3
978 4053 1000 4091 c.
1019 4037 1045 4090 3.
1065 4037 1138 4091 Mon.
1152 4039 1176 4090 2.
1196 4036 1280 4093 Woll.
1318 4038 1402 4091 Vale-

249 4124 307 4178 rius
321 4123 459 4178 maximus
476 4123 495 4175 l.
510 4122 526 4174 3
544 4123 595 4176 cd
615 4121 655 4191 (in
668 4124 721 4193 pr.)
740 4122 807 4179 Gok.
826 4123 899 4179 Besa.
955 4121 1078 4178 3Tullio
1098 4123 1197 4178 Schad.
1220 4123 1261 4177 Kl.
1280 4121 1401 4178 Schmid.

250 4211 323 4267 Mon.
343 4211 428 4263 Wibl.
448 4209 516 4264 Gok.
544 4209 619 4264 Besa.
707 4212 725 4265 4
742 4213 774 4265 vt
793 4209 895 4264 dicitur
918 4211 936 4264 l.
955 4211 972 4264 3
991 4209 1018 4265 ff.
1038 4209 1073 4264 de
1092 4227 1122 4264 re
1140 4210 1224 4266 milit.
1241 4227 1304 4280 pen.
1323 4211 1401 4265 auth.

250 4297 349 4352 Schad.
370 4297 414 4350 Kl.
452 4298 485 4350 vt
500 4295 570 4350 dicit
589 4297 607 4350 l.
626 4300 642 4352 3
661 4297 684 4351 Ι)
704 4300 737 4353 de
755 4315 784 4354 ra
802 4298 885 4354 milit.
906 4298 991 4352 Wibl.
1013 4297 1137 4352 Schmid.
1175 4301 1206 4352 vt
1224 4297 1293 4352 dicit
1312 4301 1359 4352 tex
1372 4296 1400 4350 ff.

250 4387 285 4441 de
303 4403 333 4440 re
351 4385 436 4439 milit.
455 4385 473 4438 l.
492 4387 509 4440 3
528 4387 544 4454 θ
563 4387 662 4455 penult
687 4388 716 4441 in
741 4387 869 4442 authent.
906 4385 950 4442 Ne
974 4385 1066 4442 clerici
1084 4384 1153 4442 Gok.
1174 4385 1245 4441 Besa.
1284 4391 1315 4440 rt
1333 4385 1401 4440 dicit

249 4474 268 4528 l.
288 4475 305 4527 3
324 4475 339 4542 ξ
358 4489 420 4542 pen.
441 4472 472 4526 D.
492 4473 527 4528 de
545 4491 574 4528 re
593 4473 675 4528 milit.
714 4475 744 4528 ln
766 4475 844 4529 auth.
864 4475 1000 4530 Neclerici
1021 4473 1102 4529 Woll.
