3060 4936
685 387 748 456 183

102 601 108 620 ·
141 563 287 630 Lotbarii
302 565 387 650 regis
411 565 465 650 qui
481 563 696 630 Romanorum
719 565 906 651 imperatori
921 565 1072 631 Heinrico
1088 565 1119 629 V
1134 567 1292 646 successit,

142 675 208 736 tres
232 670 349 736 milites
372 671 537 736 nobilioris
560 672 716 756 prosapiae
739 671 854 736 fratres
889 672 1048 756 germani,
1083 671 1202 736 scilicet
1224 669 1292 736 Ru-

140 795 246 862 gerus,
272 774 463 842 Adelbertus
486 781 518 842 et
540 775 736 856 Waltherus,
761 777 869 862 oppidi
894 781 926 842 et
950 777 1046 842 castri
1066 775 1293 863 Schellrlingen

143 901 338 964 possessores
354 886 386 947 et
400 881 487 948 illius
503 881 635 947 dominii
646 863 885 968 gubernatores,
901 881 1101 948 tradiderunt
1116 905 1174 968 pro
1189 883 1293 948 salute

142 985 322 1052 animarum
343 1009 474 1054 suarum
497 987 660 1054 ecclesiam
688 1011 752 1053 non
775 988 989 1073 parochialem
1016 987 1216 1074 Urspringen
1237 989 1292 1054 sed

140 1095 356 1176 exemptatam
372 1093 482 1160 abbati
498 1093 601 1160 sancti
616 1093 757 1180 Georgii,
780 1099 817 1160 ut
840 1095 941 1160 eidem
956 1093 1094 1160 ecolesiae
1110 1098 1293 1160 annecteret

140 1198 371 1263 monasterium
392 1197 590 1279 monialium,
613 1199 664 1264 cui
687 1203 719 1264 et
743 1199 894 1278 decimas,
917 1205 1090 1284 proventus
1113 1203 1145 1264 et
1167 1220 1291 1283 posses-

141 1300 246 1366 siones
269 1301 467 1388 legaverunt.
514 1303 647 1388 Accepit
669 1326 745 1392 ergo
769 1305 867 1370 abbas
891 1305 993 1370 sancti
1017 1303 1147 1390 Georgii
1170 1303 1291 1369 dictum

139 1406 244 1474 locum
267 1413 299 1474 et
323 1409 551 1474 monasterium
573 1410 618 1475 ibi
633 1410 775 1476 instituit
795 1411 1095 1491 sanctimonialium,
1117 1410 1292 1494 praeficiens

141 1512 305 1578 sororibus
327 1513 526 1599 magistram,
549 1537 645 1599 qnam
660 1514 723 1582 sibi
745 1515 872 1581 subesse
888 1515 999 1580 voluit.
1022 1538 1157 1601 eumque
1180 1537 1292 1580 mona-

140 1617 274 1682 sterium
298 1619 336 1683 ad
360 1619 462 1684 instar
478 1619 662 1704 disciplinae,
685 1643 756 1707 quae
778 1621 817 1686 ad
833 1627 979 1688 sanctum
1000 1620 1174 1706 Georgium
1189 1643 1291 1686 serva·

138 1723 254 1804 batur,
286 1724 429 1803 induxit,
462 1731 494 1791 et
516 1727 626 1792 multis
660 1727 752 1792 aunis
775 1727 822 1791 ita
854 1731 1015 1792 servatum
1048 1725 1119 1790 fuit.
1165 1725 1291 1790 Dicitur

140 1829 225 1894 enim
249 1831 333 1914 quod
357 1836 486 1916 propter
510 1833 712 1898 sanctitatem
741 1853 885 1897 sororum
909 1831 1095 1897 miraculose
1118 1831 1228 1896 vinum
1255 1831 1289 1894 in

140 1935 224 2000 vasis
247 1940 491 2021 augmentatum
513 1935 594 2017 fuit,
626 1941 658 2002 et
681 1936 829 2016 bladum,
860 1937 936 2021 quia
950 1937 1200 2022 pauperrimum
1223 1939 1292 2001 erat

139 2039 289 2124 primitus
311 2041 549 2107 monasterium.
596 2041 673 2107 Post
701 2043 867 2108 decursum
890 2065 964 2108 vero
986 2047 1186 2128 temporum,
1220 2035 1388 2114 oumflf'l‘la,

139 2143 253 2230 religio
285 2147 369 2230 apud
400 2151 545 2211 sanctum
570 2145 741 2232 Georgium
773 2147 937 2225 deficeret,
971 2147 1087 2213 defecit
1114 2147 1200 2212 etin
1226 2145 1290 2212 Ur·

138 2251 302 2334 springen,
325 2251 373 2316 ita
388 2255 494 2318 tamen
511 2253 596 2338 quod
612 2275 675 2318 non
700 2253 829 2318 omnino
845 2254 985 2318 extincta
1000 2254 1072 2332 suit,
1096 2253 1148 2318 ssd
1166 2275 1290 2338 semper

141 2358 278 2443 vestigia
300 2360 439 2444 autiquae
474 2360 684 2424 observantiae
706 2359 752 2425 ibi
775 2359 1014 2444 reperiebantur
1043 2359 1115 2444 plus
1138 2380 1235 2444 qnam
1256 2358 1290 2421 in

140 2461 213 2528 aliis
235 2464 436 2528 monasteriis
459 2466 647 2531 monialium
669 2464 776 2550 lapsis.
823 2463 966 2530 Reducto
997 2485 1074 2548 ergo
1097 2455 1290 2528 monasterio

138 2565 297 2652 Hegbach
320 2569 358 2633 ad
383 2570 616 2636 observantiam
639 2574 676 2636 ut
691 2571 810 2636 dictum
833 2575 890 2651 est,
915 2569 1044 2636 domina
1066 2568 1236 2634 Gredauna
1251 2568 1289 2632 de

138 2669 286 2758 friberg,
310 2675 465 2760 magistra
486 2675 520 2740 in
543 2673 755 2762 Urspringen,
779 2676 893 2741 mulier
915 2675 1002 2740 virili
1026 2675 1132 2740 auimo
1155 2673 1288 2759 pollens,

138 2779 292 2862 quasdam
325 2779 363 2844 de
392 2779 458 2845 suis
480 2781 672 2848 monialibus
696 2782 868 2866 assumpsit
900 2786 932 2846 et
962 2804 1091 2846 currum
1119 2780 1288 2846 ascendens

138 2882 172 2946 in
189 2879 346 2966 Hegbach
369 2887 549 2950 transvecta
565 2889 622 2964 est,
647 2890 683 2950 ut
704 2886 824 2950 videret
839 2885 1075 2951 observantiam
1098 2885 1187 2949 cuius
1202 2883 1290 2950 fama
1386 2938 1389 2946 .

140 2987 280 3072 undique
304 2993 381 3054 erat.
427 2988 474 3056 Ut
497 2994 602 3054 autem
627 2989 707 3074 vidit
730 2989 908 3054 clausuram
941 2995 973 3055 et
996 2989 1123 3054 vivendi
1147 2989 1289 3053 ordinem

139 3095 173 3156 et
195 3093 319 3158 audivit
340 3095 520 3160 clausarum
551 3095 585 3158 iu
609 3095 736 3160 domiuo
759 3096 1005 3172 iucunditatem,
1039 3095 1137 3177 coepit
1165 3091 1289 3177 etipsa

138 3199 284 3283 cogitare
306 3199 344 3264 de
367 3200 417 3264 sui
439 3201 626 3266 monasterii
648 3201 894 3280 reformatione,
916 3205 948 3266 et
971 3197 1191 3264 familiaritate
1213 3219 1290 3261 oon-

138 3309 245 3370 tracta
267 3327 338 3370 cum
372 3306 545 3372 venerabili
577 3307 704 3372 domina
727 3305 871 3372 Elisabet
893 3304 1031 3370 Krelin¹
1055 3303 1218 3369 abbatissa
1240 3325 1290 3366 re·

138 3433 232 3476 versa
254 3417 302 3478 est
324 3411 357 3476 in
376 3411 587 3498 Urspringen,
612 3417 682 3477 tcta
697 3435 827 3478 accensa
841 3413 874 3476 in
890 3411 1044 3476 desiderio
1068 3407 1287 3474 observantiae.

139 3539 250 3582 verum
274 3518 403 3584 difficile
434 3519 530 3582 nimis
562 3516 729 3583 videbatur
759 3517 852 3582 illum
884 3518 1056 3582 reformare
1087 3517 1288 3592 conventum,

139 3627 217 3708 quia
232 3623 330 3688 abbas
347 3625 449 3689 sancti
463 3623 592 3710 Georgii
607 3646 716 3688 earum
731 3623 874 3708 superior
887 3621 1009 3686 nullum
1027 3622 1065 3686 ad
1079 3623 1138 3686 hoc
1149 3619 1290 3684 habebat

138 3727 299 3810 affectum,
322 3733 355 3794 et
369 3729 471 3794 maior
492 3750 567 3814 pars
584 3732 756 3794 conventus
780 3733 812 3794 et
827 3732 896 3792 tota
918 3728 1065 3792 inventus
1086 3725 1289 3798 reclamabat,

138 3857 275 3920 quarum
307 3837 404 3902 etiam
426 3836 519 3902 amici
542 3835 664 3900 nobiles
697 3839 729 3900 et
751 3833 979 3920 consanguinei
1009 3855 1066 3898 nec
1095 3832 1229 3896 verbum
1251 3830 1289 3894 de

138 3941 344 4006 observantia
357 3941 465 4006 audire
476 3939 634 4020 volebant,
659 3939 778 4020 stillis,
800 3939 856 4024 qui
868 3939 907 4004 ad
920 3937 1154 4003 observantiam
1168 3935 1289 4020 aspira-

138 4045 238 4124 bant,
269 4045 372 4110 minas
405 4067 518 4130 graves
542 4045 712 4110 faciebant.
759 4043 819 4109 His
851 4049 958 4109 tamen
990 4065 1054 4108 non
1086 4041 1290 4107 obstantibus

138 4149 331 4215 venerabilis
347 4151 475 4216 domina
492 4151 648 4237 magistra
659 4149 801 4216 crebrius
816 4147 982 4215 advocarit
997 4147 1117 4214 zelosos
1132 4150 1165 4211 et
1180 4145 1289 4211 doctos

139 4255 227 4322 viros
249 4255 489 4341 praedicatores,
522 4255 668 4341 quisine
700 4255 883 4342 palpatione
914 4253 993 4319 vitia
1023 4258 1055 4320 et
1077 4249 1217 4338 pericula
1239 4271 1290 4314 re·

705 4401 723 4440 a

210 4485 223 4540 1
245 4481 342 4538 Kreliu
362 4483 415 4538 hat
433 4482 493 4539 bier
512 4481 607 4549 Wibl,
625 4483 745 4539 walchar
762 4482 835 4540 oben
853 4499 873 4536 s.
894 4480 945 4536 180
963 4478 1088 4536 schrieb:
1107 4473 1221 4532 Kerbia.

1026 4583 1082 4637 12·
