<?xml version="1.0" encoding="UTF-8"?>
<!DOCTYPE html PUBLIC "-//W3C//DTD XHTML 1.0 Transitional//EN"
    "http://www.w3.org/TR/xhtml1/DTD/xhtml1-transitional.dtd">
<html xmlns="http://www.w3.org/1999/xhtml" xml:lang="en" lang="en">
 <head>
  <title>
</title>
<meta http-equiv="Content-Type" content="text/html;charset=utf-8" />
  <meta name='ocr-system' content='tesseract 3.04.00' />
  <meta name='ocr-capabilities' content='ocr_page ocr_carea ocr_par ocr_line ocrx_word'/>
</head>
<body>
  <div class='ocr_page' id='page_1' title='image "./vitabeatevirgin01vggoog_0191.png"; bbox 0 0 3034 4922; ppageno 0'>
   <div class='ocr_carea' id='block_1_1' title="bbox 678 335 741 404">
    <p class='ocr_par' dir='ltr' id='par_1_1' title="bbox 678 335 741 404">
     <span class='ocr_line' id='line_1_1' title="bbox 678 335 741 404; baseline 0 0"><span class='ocrx_word' id='word_1_1' title='bbox 678 335 741 404; x_wconf 76' lang='lat'><strong>183</strong></span> 
     </span>
    </p>
   </div>
   <div class='ocr_carea' id='block_1_2' title="bbox 216 507 1246 4488">
    <p class='ocr_par' dir='ltr' id='par_1_2' title="bbox 216 507 1246 4488">
     <span class='ocr_line' id='line_1_2' title="bbox 293 507 936 599; baseline 0.006 -22"><span class='ocrx_word' id='word_1_2' title='bbox 293 507 341 578; x_wconf 80' lang='lat' dir='ltr'><strong>Ac</strong></span> <span class='ocrx_word' id='word_1_3' title='bbox 363 511 397 576; x_wconf 93' lang='lat' dir='ltr'><strong>in</strong></span> <span class='ocrx_word' id='word_1_4' title='bbox 419 514 583 597; x_wconf 87' lang='lat' dir='ltr'><strong>pastorum</strong></span> <span class='ocrx_word' id='word_1_5' title='bbox 605 513 707 599; x_wconf 80' lang='lat' dir='ltr'><strong>glorie</strong></span> <span class='ocrx_word' id='word_1_6' title='bbox 729 518 783 580; x_wconf 85' lang='lat' dir='ltr'><strong>tue</strong></span> <span class='ocrx_word' id='word_1_7' title='bbox 806 515 936 596; x_wconf 78' lang='lat' dir='ltr'>visione,</span> 
     </span>
     <span class='ocr_line' id='line_1_3' title="bbox 293 615 983 705; baseline 0.01 -25"><span class='ocrx_word' id='word_1_8' title='bbox 293 615 332 681; x_wconf 91' lang='lat' dir='ltr'><strong>In</strong></span> <span class='ocrx_word' id='word_1_9' title='bbox 354 616 578 704; x_wconf 88' lang='lat' dir='ltr'><strong>triumquoque</strong></span> <span class='ocrx_word' id='word_1_10' title='bbox 597 641 766 705; x_wconf 75' lang='lat' dir='ltr'><strong>magorum</strong></span> <span class='ocrx_word' id='word_1_11' title='bbox 788 621 983 702; x_wconf 76' lang='lat' dir='ltr'><strong>adoratione,</strong></span> 
     </span>
     <span class='ocr_line' id='line_1_4' title="bbox 240 719 976 810; baseline 0.008 -25"><span class='ocrx_word' id='word_1_12' title='bbox 240 719 246 734; x_wconf 89' lang='lat'>&#39;</span> <span class='ocrx_word' id='word_1_13' title='bbox 292 721 337 786; x_wconf 77' lang='lat' dir='ltr'><strong>Et</strong></span> <span class='ocrx_word' id='word_1_14' title='bbox 357 722 391 786; x_wconf 93' lang='lat' dir='ltr'><strong>in</strong></span> <span class='ocrx_word' id='word_1_15' title='bbox 414 745 524 788; x_wconf 88' lang='lat' dir='ltr'><strong>eorum</strong></span> <span class='ocrx_word' id='word_1_16' title='bbox 545 745 711 792; x_wconf 88' lang='lat' dir='ltr'><strong>munerum</strong></span> <span class='ocrx_word' id='word_1_17' title='bbox 734 727 976 810; x_wconf 87' lang='lat' dir='ltr'><strong>presentatione.</strong></span> 
     </span>
     <span class='ocr_line' id='line_1_5' title="bbox 293 827 1141 918; baseline 0.009 -27"><span class='ocrx_word' id='word_1_18' title='bbox 293 827 339 892; x_wconf 83' lang='lat' dir='ltr'><strong>Mi</strong></span> <span class='ocrx_word' id='word_1_19' title='bbox 362 827 462 893; x_wconf 87' lang='lat' dir='ltr'><strong>dulcis</strong></span> <span class='ocrx_word' id='word_1_20' title='bbox 484 828 541 908; x_wconf 90' lang='lat' dir='ltr'><strong>fili,</strong></span> <span class='ocrx_word' id='word_1_21' title='bbox 564 831 679 915; x_wconf 90' lang='lat' dir='ltr'><strong>spiritu</strong></span> <span class='ocrx_word' id='word_1_22' title='bbox 700 836 777 897; x_wconf 88' lang='lat' dir='ltr'><strong>tunc</strong></span> <span class='ocrx_word' id='word_1_23' title='bbox 798 832 933 898; x_wconf 91' lang='lat' dir='ltr'><strong>nimium</strong></span> <span class='ocrx_word' id='word_1_24' title='bbox 954 833 1141 918; x_wconf 78' lang='lat' dir='ltr'>gaudebam,</span> 
     </span>
     <span class='ocr_line' id='line_1_6' title="bbox 217 931 1051 1023; baseline 0.006 -26"><span class='ocrx_word' id='word_1_25' title='bbox 217 951 268 990; x_wconf 73' lang='lat' dir='ltr'><strong>uo</strong></span> <span class='ocrx_word' id='word_1_26' title='bbox 294 931 372 998; x_wconf 79' lang='lat' dir='ltr'><strong>eum</strong></span> <span class='ocrx_word' id='word_1_27' title='bbox 394 937 449 999; x_wconf 89' lang='lat' dir='ltr'><strong>tue</strong></span> <span class='ocrx_word' id='word_1_28' title='bbox 471 935 650 1002; x_wconf 86' lang='lat' dir='ltr'><strong>nativitatis</strong></span> <span class='ocrx_word' id='word_1_29' title='bbox 672 939 717 1002; x_wconf 88' lang='lat' dir='ltr'><strong>sio</strong></span> <span class='ocrx_word' id='word_1_30' title='bbox 739 938 876 1023; x_wconf 81' lang='lat' dir='ltr'><strong>gloriam</strong></span> <span class='ocrx_word' id='word_1_31' title='bbox 898 937 1051 1003; x_wconf 80' lang='lat' dir='ltr'><strong>videbam.</strong></span> 
     </span>
     <span class='ocr_line' id='line_1_7' title="bbox 291 1036 1246 1127; baseline 0.006 -25"><span class='ocrx_word' id='word_1_32' title='bbox 291 1036 364 1103; x_wconf 90' lang='lat' dir='ltr'><strong>Heu</strong></span> <span class='ocrx_word' id='word_1_33' title='bbox 384 1043 453 1104; x_wconf 89' lang='lat' dir='ltr'><strong>me!</strong></span> <span class='ocrx_word' id='word_1_34' title='bbox 477 1061 562 1104; x_wconf 88' lang='lat' dir='ltr'><strong>nuno</strong></span> <span class='ocrx_word' id='word_1_35' title='bbox 583 1041 736 1125; x_wconf 83' lang='lat' dir='ltr'><strong>gaudium</strong></span> <span class='ocrx_word' id='word_1_36' title='bbox 758 1042 818 1106; x_wconf 89' lang='lat' dir='ltr'><strong>hoo</strong></span> <span class='ocrx_word' id='word_1_37' title='bbox 841 1063 966 1106; x_wconf 81' lang='lat' dir='ltr'><strong>versum</strong></span> <span class='ocrx_word' id='word_1_38' title='bbox 989 1045 1037 1106; x_wconf 89' lang='lat' dir='ltr'><strong>est</strong></span> <span class='ocrx_word' id='word_1_39' title='bbox 1057 1041 1092 1106; x_wconf 93' lang='lat' dir='ltr'><strong>in</strong></span> <span class='ocrx_word' id='word_1_40' title='bbox 1115 1043 1246 1127; x_wconf 80' lang='lat' dir='ltr'><strong>luctum,</strong></span> 
     </span>
     <span class='ocr_line' id='line_1_8' title="bbox 293 1143 1043 1230; baseline 0.005 -22"><span class='ocrx_word' id='word_1_41' title='bbox 293 1143 401 1230; x_wconf 85' lang='lat' dir='ltr'><strong>Atque</strong></span> <span class='ocrx_word' id='word_1_42' title='bbox 423 1148 477 1209; x_wconf 89' lang='lat' dir='ltr'><strong>tue</strong></span> <span class='ocrx_word' id='word_1_43' title='bbox 499 1145 654 1230; x_wconf 81' lang='lat' dir='ltr'><strong>passionis</strong></span> <span class='ocrx_word' id='word_1_44' title='bbox 677 1145 839 1212; x_wconf 89' lang='lat' dir='ltr'><strong>doloribus</strong></span> <span class='ocrx_word' id='word_1_45' title='bbox 862 1145 1043 1212; x_wconf 86' lang='lat' dir='ltr'><strong>obductum.</strong></span> 
     </span>
     <span class='ocr_line' id='line_1_9' title="bbox 294 1246 894 1330; baseline 0.005 -17"><span class='ocrx_word' id='word_1_46' title='bbox 294 1246 357 1313; x_wconf 78' lang='lat' dir='ltr'><strong>Fili</strong></span> <span class='ocrx_word' id='word_1_47' title='bbox 378 1249 433 1328; x_wconf 90' lang='lat' dir='ltr'><strong>mi,</strong></span> <span class='ocrx_word' id='word_1_48' title='bbox 456 1271 475 1314; x_wconf 92' lang='lat'>0</span> <span class='ocrx_word' id='word_1_49' title='bbox 498 1249 620 1329; x_wconf 87' lang='lat' dir='ltr'><strong>filimi,</strong></span> <span class='ocrx_word' id='word_1_50' title='bbox 643 1250 767 1330; x_wconf 90' lang='lat' dir='ltr'><strong>filimi,</strong></span> <span class='ocrx_word' id='word_1_51' title='bbox 790 1251 894 1316; x_wconf 87' lang='lat' dir='ltr'><strong>ofili!</strong></span> 
     </span>
     <span class='ocr_line' id='line_1_10' title="bbox 292 1349 1096 1437; baseline 0.007 -21"><span class='ocrx_word' id='word_1_52' title='bbox 292 1350 409 1418; x_wconf 77' lang='lat' dir='ltr'><strong>Tecum</strong></span> <span class='ocrx_word' id='word_1_53' title='bbox 432 1353 512 1418; x_wconf 89' lang='lat' dir='ltr'><strong>mori</strong></span> <span class='ocrx_word' id='word_1_54' title='bbox 535 1353 623 1418; x_wconf 88' lang='lat' dir='ltr'><strong>trade</strong></span> <span class='ocrx_word' id='word_1_55' title='bbox 644 1354 734 1434; x_wconf 90' lang='lat' dir='ltr'><strong>mibi,</strong></span> <span class='ocrx_word' id='word_1_56' title='bbox 758 1355 799 1420; x_wconf 90' lang='lat' dir='ltr'><strong>da</strong></span> <span class='ocrx_word' id='word_1_57' title='bbox 819 1355 899 1420; x_wconf 89' lang='lat' dir='ltr'><strong>mibi</strong></span> <span class='ocrx_word' id='word_1_58' title='bbox 919 1349 1012 1437; x_wconf 85' lang='lat' dir='ltr'><strong>mori,</strong></span> <span class='ocrx_word' id='word_1_59' title='bbox 1034 1357 1096 1422; x_wconf 89' lang='lat' dir='ltr'><strong>filil</strong></span> 
     </span>
     <span class='ocr_line' id='line_1_11' title="bbox 220 1454 1059 1546; baseline 0.008 -25"><span class='ocrx_word' id='word_1_60' title='bbox 220 1475 270 1514; x_wconf 64' lang='grc' dir='ltr'><strong>κω</strong></span> <span class='ocrx_word' id='word_1_61' title='bbox 295 1454 343 1522; x_wconf 86' lang='lat' dir='ltr'><strong>Va</strong></span> <span class='ocrx_word' id='word_1_62' title='bbox 364 1457 455 1537; x_wconf 88' lang='lat' dir='ltr'><strong>mihi,</strong></span> <span class='ocrx_word' id='word_1_63' title='bbox 478 1460 705 1543; x_wconf 75' lang='lat' dir='ltr'><strong>persecutionis</strong></span> <span class='ocrx_word' id='word_1_64' title='bbox 728 1464 851 1546; x_wconf 90' lang='lat' dir='ltr'><strong>tempus</strong></span> <span class='ocrx_word' id='word_1_65' title='bbox 874 1462 1059 1528; x_wconf 88' lang='lat' dir='ltr'><strong>inchoatum</strong></span> 
     </span>
     <span class='ocr_line' id='line_1_12' title="bbox 294 1561 1121 1650; baseline 0.004 -23"><span class='ocrx_word' id='word_1_66' title='bbox 294 1561 354 1628; x_wconf 79' lang='lat' dir='ltr'><strong>Est</strong></span> <span class='ocrx_word' id='word_1_67' title='bbox 375 1563 439 1628; x_wconf 91' lang='lat' dir='ltr'><strong>cito</strong></span> <span class='ocrx_word' id='word_1_68' title='bbox 461 1567 573 1628; x_wconf 87' lang='lat' dir='ltr'><strong>eontra</strong></span> <span class='ocrx_word' id='word_1_69' title='bbox 594 1587 727 1648; x_wconf 90' lang='lat' dir='ltr'><strong>puerum</strong></span> <span class='ocrx_word' id='word_1_70' title='bbox 750 1588 855 1632; x_wconf 90' lang='lat' dir='ltr'><strong>meum</strong></span> <span class='ocrx_word' id='word_1_71' title='bbox 876 1588 979 1650; x_wconf 87' lang='lat' dir='ltr'><strong>nuper</strong></span> <span class='ocrx_word' id='word_1_72' title='bbox 1000 1571 1121 1632; x_wconf 86' lang='lat' dir='ltr'><strong>natum.</strong></span> 
     </span>
     <span class='ocr_line' id='line_1_13' title="bbox 293 1665 1181 1752; baseline 0.006 -19"><span class='ocrx_word' id='word_1_73' title='bbox 293 1665 377 1734; x_wconf 88' lang='lat' dir='ltr'><strong>Nam</strong></span> <span class='ocrx_word' id='word_1_74' title='bbox 399 1669 485 1733; x_wconf 89' lang='lat' dir='ltr'><strong>bunc</strong></span> <span class='ocrx_word' id='word_1_75' title='bbox 506 1669 570 1733; x_wconf 90' lang='lat' dir='ltr'><strong>iam</strong></span> <span class='ocrx_word' id='word_1_76' title='bbox 592 1672 704 1734; x_wconf 87' lang='lat' dir='ltr'><strong>natum</strong></span> <span class='ocrx_word' id='word_1_77' title='bbox 726 1669 830 1735; x_wconf 85' lang='lat' dir='ltr'><strong>voluit</strong></span> <span class='ocrx_word' id='word_1_78' title='bbox 852 1671 991 1738; x_wconf 88' lang='lat' dir='ltr'><strong>Herodes</strong></span> <span class='ocrx_word' id='word_1_79' title='bbox 1013 1671 1181 1752; x_wconf 85' lang='lat' dir='ltr'><strong>trucidare,</strong></span> 
     </span>
     <span class='ocr_line' id='line_1_14' title="bbox 293 1771 1116 1862; baseline 0.006 -25"><span class='ocrx_word' id='word_1_80' title='bbox 293 1771 357 1838; x_wconf 79' lang='lat' dir='ltr'><strong>Gur</strong></span> <span class='ocrx_word' id='word_1_81' title='bbox 378 1773 514 1858; x_wconf 80' lang='lat' dir='ltr'><strong>cogebar</strong></span> <span class='ocrx_word' id='word_1_82' title='bbox 535 1773 569 1838; x_wconf 91' lang='lat' dir='ltr'><strong>in</strong></span> <span class='ocrx_word' id='word_1_83' title='bbox 590 1773 756 1859; x_wconf 78' lang='lat' dir='ltr'><strong>Egyptum</strong></span> <span class='ocrx_word' id='word_1_84' title='bbox 778 1775 973 1842; x_wconf 90' lang='lat' dir='ltr'><strong>infantulum</strong></span> <span class='ocrx_word' id='word_1_85' title='bbox 994 1777 1116 1862; x_wconf 77' lang='lat' dir='ltr'><strong>fugare.</strong></span> 
     </span>
     <span class='ocr_line' id='line_1_15' title="bbox 292 1875 1089 1957; baseline 0.008 -16"><span class='ocrx_word' id='word_1_86' title='bbox 292 1875 340 1942; x_wconf 88' lang='lat' dir='ltr'><strong>Ve</strong></span> <span class='ocrx_word' id='word_1_87' title='bbox 360 1877 450 1957; x_wconf 90' lang='lat' dir='ltr'><strong>mibi,</strong></span> <span class='ocrx_word' id='word_1_88' title='bbox 474 1882 550 1943; x_wconf 89' lang='lat' dir='ltr'><strong>tunc</strong></span> <span class='ocrx_word' id='word_1_89' title='bbox 572 1879 733 1944; x_wconf 76' lang='lat' dir='ltr'><strong>molestias</strong></span> <span class='ocrx_word' id='word_1_90' title='bbox 754 1880 873 1946; x_wconf 88' lang='lat' dir='ltr'><strong>multas</strong></span> <span class='ocrx_word' id='word_1_91' title='bbox 894 1881 1089 1946; x_wconf 83' lang='lat' dir='ltr'><strong>sustinebam</strong></span> 
     </span>
     <span class='ocr_line' id='line_1_16' title="bbox 219 1981 1124 2071; baseline 0.006 -25"><span class='ocrx_word' id='word_1_92' title='bbox 219 1999 268 2038; x_wconf 59' lang='grc' dir='ltr'><strong>κιο</strong></span> <span class='ocrx_word' id='word_1_93' title='bbox 295 1981 355 2047; x_wconf 90' lang='lat' dir='ltr'><strong>Per</strong></span> <span class='ocrx_word' id='word_1_94' title='bbox 376 1981 534 2048; x_wconf 87' lang='lat' dir='ltr'><strong>desertum</strong></span> <span class='ocrx_word' id='word_1_95' title='bbox 556 1983 685 2064; x_wconf 89' lang='lat' dir='ltr'><strong>heremi,</strong></span> <span class='ocrx_word' id='word_1_96' title='bbox 709 2005 782 2050; x_wconf 86' lang='lat' dir='ltr'><strong>oum</strong></span> <span class='ocrx_word' id='word_1_97' title='bbox 803 1985 919 2054; x_wconf 87' lang='lat' dir='ltr'><strong>timens</strong></span> <span class='ocrx_word' id='word_1_98' title='bbox 942 1986 1124 2071; x_wconf 71' lang='lat' dir='ltr'><strong>fugiebam</strong></span> 
     </span>
     <span class='ocr_line' id='line_1_17' title="bbox 292 2085 994 2176; baseline 0.006 -24"><span class='ocrx_word' id='word_1_99' title='bbox 292 2085 385 2154; x_wconf 86' lang='lat' dir='ltr'><strong>Sitim</strong></span> <span class='ocrx_word' id='word_1_100' title='bbox 407 2092 439 2154; x_wconf 91' lang='lat' dir='ltr'><strong>et</strong></span> <span class='ocrx_word' id='word_1_101' title='bbox 461 2089 626 2174; x_wconf 89' lang='lat' dir='ltr'><strong>penuriam</strong></span> <span class='ocrx_word' id='word_1_102' title='bbox 647 2111 798 2176; x_wconf 82' lang='lat' dir='ltr'><strong>magnam</strong></span> <span class='ocrx_word' id='word_1_103' title='bbox 821 2089 869 2155; x_wconf 84' lang='lat' dir='ltr'><strong>fui</strong></span> <span class='ocrx_word' id='word_1_104' title='bbox 892 2112 994 2176; x_wconf 85' lang='lat' dir='ltr'><strong>passa,</strong></span> 
     </span>
     <span class='ocr_line' id='line_1_18' title="bbox 290 2191 927 2280; baseline 0.005 -22"><span class='ocrx_word' id='word_1_105' title='bbox 290 2191 417 2259; x_wconf 88' lang='lat' dir='ltr'><strong>Itineris</strong></span> <span class='ocrx_word' id='word_1_106' title='bbox 440 2192 601 2260; x_wconf 85' lang='lat' dir='ltr'><strong>laboribus</strong></span> <span class='ocrx_word' id='word_1_107' title='bbox 624 2217 697 2280; x_wconf 91' lang='lat' dir='ltr'><strong>sepe</strong></span> <span class='ocrx_word' id='word_1_108' title='bbox 719 2195 805 2261; x_wconf 88' lang='lat' dir='ltr'><strong>facta</strong></span> <span class='ocrx_word' id='word_1_109' title='bbox 826 2196 927 2274; x_wconf 85' lang='lat' dir='ltr'><strong>lassa;</strong></span> 
     </span>
     <span class='ocr_line' id='line_1_19' title="bbox 294 2295 1151 2389; baseline 0.005 -25"><span class='ocrx_word' id='word_1_110' title='bbox 294 2295 367 2365; x_wconf 85' lang='lat' dir='ltr'><strong>Una</strong></span> <span class='ocrx_word' id='word_1_111' title='bbox 390 2321 461 2365; x_wconf 90' lang='lat' dir='ltr'><strong>oum</strong></span> <span class='ocrx_word' id='word_1_112' title='bbox 484 2299 645 2366; x_wconf 86' lang='lat' dir='ltr'><strong>infantulo</strong></span> <span class='ocrx_word' id='word_1_113' title='bbox 666 2321 737 2366; x_wconf 92' lang='lat' dir='ltr'><strong>meo</strong></span> <span class='ocrx_word' id='word_1_114' title='bbox 760 2302 907 2387; x_wconf 72' lang='lat' dir='ltr'><strong>vagiente</strong></span> <span class='ocrx_word' id='word_1_115' title='bbox 1147 2381 1151 2389; x_wconf 31' lang='grc' dir='ltr'>Ι</span> 
     </span>
     <span class='ocr_line' id='line_1_20' title="bbox 291 2401 1083 2491; baseline 0.008 -23"><span class='ocrx_word' id='word_1_116' title='bbox 291 2401 395 2484; x_wconf 84' lang='lat' dir='ltr'><strong>Sitim,</strong></span> <span class='ocrx_word' id='word_1_117' title='bbox 417 2403 545 2484; x_wconf 82' lang='lat' dir='ltr'><strong>famem,</strong></span> <span class='ocrx_word' id='word_1_118' title='bbox 568 2403 682 2490; x_wconf 79' lang='lat' dir='ltr'><strong>frigus,</strong></span> <span class='ocrx_word' id='word_1_119' title='bbox 706 2407 819 2484; x_wconf 81' lang='lat' dir='ltr'><strong>esbrm,</strong></span> <span class='ocrx_word' id='word_1_120' title='bbox 841 2405 911 2490; x_wconf 88' lang='lat' dir='ltr'><strong>ipso</strong></span> <span class='ocrx_word' id='word_1_121' title='bbox 933 2407 1083 2491; x_wconf 80' lang='lat' dir='ltr'><strong>patiente,</strong></span> 
     </span>
     <span class='ocr_line' id='line_1_21' title="bbox 217 2507 987 2596; baseline 0.003 -22"><span class='ocrx_word' id='word_1_122' title='bbox 217 2523 266 2563; x_wconf 74' lang='lat'><strong>⁵⁴⁸0</strong></span> <span class='ocrx_word' id='word_1_123' title='bbox 291 2507 326 2575; x_wconf 92' lang='lat' dir='ltr'><strong>In</strong></span> <span class='ocrx_word' id='word_1_124' title='bbox 350 2509 480 2596; x_wconf 78' lang='lat' dir='ltr'><strong>Egypto</strong></span> <span class='ocrx_word' id='word_1_125' title='bbox 502 2510 630 2594; x_wconf 88' lang='lat' dir='ltr'><strong>proprio</strong></span> <span class='ocrx_word' id='word_1_126' title='bbox 653 2513 685 2575; x_wconf 87' lang='lat' dir='ltr'><strong>te</strong></span> <span class='ocrx_word' id='word_1_127' title='bbox 705 2531 858 2574; x_wconf 91' lang='lat' dir='ltr'><strong>manuum</strong></span> <span class='ocrx_word' id='word_1_128' title='bbox 879 2510 987 2576; x_wconf 87' lang='lat' dir='ltr'><strong>labore</strong></span> 
     </span>
     <span class='ocr_line' id='line_1_22' title="bbox 290 2613 993 2701; baseline 0 -19"><span class='ocrx_word' id='word_1_129' title='bbox 290 2613 450 2694; x_wconf 79' lang='lat' dir='ltr'><strong>Enutrivi,</strong></span> <span class='ocrx_word' id='word_1_130' title='bbox 473 2615 520 2680; x_wconf 86' lang='lat' dir='ltr'><strong>fili</strong></span> <span class='ocrx_word' id='word_1_131' title='bbox 542 2617 596 2694; x_wconf 92' lang='lat' dir='ltr'><strong>mi,</strong></span> <span class='ocrx_word' id='word_1_132' title='bbox 619 2637 737 2701; x_wconf 78' lang='lat' dir='ltr'><strong>magno</strong></span> <span class='ocrx_word' id='word_1_133' title='bbox 759 2637 831 2681; x_wconf 86' lang='lat' dir='ltr'><strong>oum</strong></span> <span class='ocrx_word' id='word_1_134' title='bbox 853 2637 993 2694; x_wconf 88' lang='lat' dir='ltr'><strong>merore;</strong></span> 
     </span>
     <span class='ocr_line' id='line_1_23' title="bbox 291 2719 997 2800; baseline 0.001 -14"><span class='ocrx_word' id='word_1_135' title='bbox 291 2719 408 2787; x_wconf 82' lang='lat' dir='ltr'><strong>Tecum</strong></span> <span class='ocrx_word' id='word_1_136' title='bbox 430 2722 464 2786; x_wconf 89' lang='lat' dir='ltr'><strong>in</strong></span> <span class='ocrx_word' id='word_1_137' title='bbox 486 2721 591 2800; x_wconf 85' lang='lat' dir='ltr'><strong>exilio,</strong></span> <span class='ocrx_word' id='word_1_138' title='bbox 616 2721 728 2786; x_wconf 88' lang='lat' dir='ltr'><strong>dilecte</strong></span> <span class='ocrx_word' id='word_1_139' title='bbox 750 2721 805 2800; x_wconf 90' lang='lat' dir='ltr'><strong>mi,</strong></span> <span class='ocrx_word' id='word_1_140' title='bbox 830 2721 997 2787; x_wconf 88' lang='lat' dir='ltr'><strong>manebam</strong></span> 
     </span>
     <span class='ocr_line' id='line_1_24' title="bbox 291 2823 1081 2914; baseline 0 -22"><span class='ocrx_word' id='word_1_141' title='bbox 291 2823 417 2910; x_wconf 84' lang='lat' dir='ltr'><strong>Septem</strong></span> <span class='ocrx_word' id='word_1_142' title='bbox 439 2829 531 2894; x_wconf 86' lang='lat' dir='ltr'><strong>annis</strong></span> <span class='ocrx_word' id='word_1_143' title='bbox 553 2827 684 2892; x_wconf 84' lang='lat' dir='ltr'><strong>exulans</strong></span> <span class='ocrx_word' id='word_1_144' title='bbox 707 2827 897 2912; x_wconf 82' lang='lat' dir='ltr'><strong>paupercula</strong></span> <span class='ocrx_word' id='word_1_145' title='bbox 918 2825 1081 2914; x_wconf 80' lang='lat' dir='ltr'><strong>degebam,</strong></span> 
     </span>
     <span class='ocr_line' id='line_1_25' title="bbox 290 2929 1097 3016; baseline -0.001 -19"><span class='ocrx_word' id='word_1_146' title='bbox 290 2929 368 2997; x_wconf 81' lang='lat' dir='ltr'><strong>(lum</strong></span> <span class='ocrx_word' id='word_1_147' title='bbox 391 2935 498 2998; x_wconf 82' lang='lat' dir='ltr'><strong>autem</strong></span> <span class='ocrx_word' id='word_1_148' title='bbox 519 2953 576 2997; x_wconf 92' lang='lat' dir='ltr'><strong>nos</strong></span> <span class='ocrx_word' id='word_1_149' title='bbox 599 2931 640 2996; x_wconf 87' lang='lat' dir='ltr'><strong>ab</strong></span> <span class='ocrx_word' id='word_1_150' title='bbox 663 2929 776 3016; x_wconf 81' lang='lat' dir='ltr'><strong>angelo</strong></span> <span class='ocrx_word' id='word_1_151' title='bbox 800 2931 903 2996; x_wconf 83' lang='lat' dir='ltr'><strong>vocati</strong></span> <span class='ocrx_word' id='word_1_152' title='bbox 926 2931 1097 2997; x_wconf 88' lang='lat' dir='ltr'><strong>rediremus</strong></span> 
     </span>
     <span class='ocr_line' id='line_1_26' title="bbox 216 3035 1122 3116; baseline 0.014 -27"><span class='ocrx_word' id='word_1_153' title='bbox 216 3051 265 3092; x_wconf 74' lang='lat' dir='ltr'><strong>urs</strong></span> <span class='ocrx_word' id='word_1_154' title='bbox 291 3035 334 3101; x_wconf 80' lang='lat' dir='ltr'><strong>Et</strong></span> <span class='ocrx_word' id='word_1_155' title='bbox 355 3037 388 3102; x_wconf 90' lang='lat' dir='ltr'><strong>in</strong></span> <span class='ocrx_word' id='word_1_156' title='bbox 412 3035 556 3116; x_wconf 88' lang='lat' dir='ltr'><strong>Jndeam,</strong></span> <span class='ocrx_word' id='word_1_157' title='bbox 579 3057 650 3102; x_wconf 89' lang='lat' dir='ltr'><strong>care</strong></span> <span class='ocrx_word' id='word_1_158' title='bbox 671 3036 726 3116; x_wconf 86' lang='lat' dir='ltr'><strong>mi,</strong></span> <span class='ocrx_word' id='word_1_159' title='bbox 749 3057 820 3101; x_wconf 90' lang='lat' dir='ltr'><strong>cum</strong></span> <span class='ocrx_word' id='word_1_160' title='bbox 842 3040 874 3102; x_wconf 86' lang='lat' dir='ltr'><strong>te</strong></span> <span class='ocrx_word' id='word_1_161' title='bbox 896 3035 1122 3102; x_wconf 77' lang='lat' dir='ltr'><strong>reduceremus.</strong></span> 
     </span>
     <span class='ocr_line' id='line_1_27' title="bbox 291 3139 984 3227; baseline -0.003 -19"><span class='ocrx_word' id='word_1_162' title='bbox 291 3139 430 3208; x_wconf 84' lang='lat' dir='ltr'><strong>Rursum</strong></span> <span class='ocrx_word' id='word_1_163' title='bbox 454 3142 661 3208; x_wconf 86' lang='lat' dir='ltr'><strong>sustinuimus</strong></span> <span class='ocrx_word' id='word_1_164' title='bbox 685 3141 838 3227; x_wconf 89' lang='lat' dir='ltr'><strong>plurimos</strong></span> <span class='ocrx_word' id='word_1_165' title='bbox 860 3140 984 3206; x_wconf 88' lang='lat' dir='ltr'><strong>labores</strong></span> 
     </span>
     <span class='ocr_line' id='line_1_28' title="bbox 291 3244 1036 3333; baseline 0.001 -22"><span class='ocrx_word' id='word_1_166' title='bbox 291 3244 504 3314; x_wconf 82' lang='lat' dir='ltr'><strong>Transeuntes</strong></span> <span class='ocrx_word' id='word_1_167' title='bbox 526 3247 699 3327; x_wconf 82' lang='lat' dir='ltr'><strong>heremum,</strong></span> <span class='ocrx_word' id='word_1_168' title='bbox 723 3251 826 3312; x_wconf 90' lang='lat' dir='ltr'><strong>estum</strong></span> <span class='ocrx_word' id='word_1_169' title='bbox 848 3251 880 3312; x_wconf 90' lang='lat' dir='ltr'><strong>et</strong></span> <span class='ocrx_word' id='word_1_170' title='bbox 903 3247 1036 3333; x_wconf 82' lang='lat' dir='ltr'><strong>algores.</strong></span> 
     </span>
     <span class='ocr_line' id='line_1_29' title="bbox 290 3349 1168 3438; baseline 0.001 -20"><span class='ocrx_word' id='word_1_171' title='bbox 290 3349 364 3419; x_wconf 88' lang='lat' dir='ltr'><strong>Una</strong></span> <span class='ocrx_word' id='word_1_172' title='bbox 385 3357 490 3420; x_wconf 82' lang='lat' dir='ltr'><strong>tecum</strong></span> <span class='ocrx_word' id='word_1_173' title='bbox 512 3355 609 3434; x_wconf 88' lang='lat' dir='ltr'><strong>sitim,</strong></span> <span class='ocrx_word' id='word_1_174' title='bbox 632 3353 749 3419; x_wconf 88' lang='lat' dir='ltr'><strong>famem</strong></span> <span class='ocrx_word' id='word_1_175' title='bbox 770 3374 922 3438; x_wconf 80' lang='lat' dir='ltr'><strong>magnam</strong></span> <span class='ocrx_word' id='word_1_176' title='bbox 944 3373 1052 3417; x_wconf 89' lang='lat' dir='ltr'><strong>sumus</strong></span> <span class='ocrx_word' id='word_1_177' title='bbox 1074 3354 1168 3437; x_wconf 86' lang='lat' dir='ltr'><strong>passi,</strong></span> 
     </span>
     <span class='ocr_line' id='line_1_30' title="bbox 290 3455 901 3544; baseline 0.002 -22"><span class='ocrx_word' id='word_1_178' title='bbox 290 3455 349 3524; x_wconf 88' lang='lat' dir='ltr'><strong>Per</strong></span> <span class='ocrx_word' id='word_1_179' title='bbox 371 3460 486 3526; x_wconf 86' lang='lat' dir='ltr'><strong>deserti</strong></span> <span class='ocrx_word' id='word_1_180' title='bbox 509 3459 600 3524; x_wconf 86' lang='lat' dir='ltr'><strong>devia</strong></span> <span class='ocrx_word' id='word_1_181' title='bbox 621 3481 694 3544; x_wconf 89' lang='lat' dir='ltr'><strong>sepe</strong></span> <span class='ocrx_word' id='word_1_182' title='bbox 715 3457 793 3524; x_wconf 85' lang='lat' dir='ltr'><strong>facti</strong></span> <span class='ocrx_word' id='word_1_183' title='bbox 816 3457 901 3524; x_wconf 85' lang='lat' dir='ltr'><strong>lassi.</strong></span> 
     </span>
     <span class='ocr_line' id='line_1_31' title="bbox 219 3563 1086 3651; baseline -0.002 -21"><span class='ocrx_word' id='word_1_184' title='bbox 219 3580 266 3619; x_wconf 59' lang='grc' dir='ltr'><strong>κω</strong></span> <span class='ocrx_word' id='word_1_185' title='bbox 292 3563 336 3630; x_wconf 84' lang='lat' dir='ltr'><strong>&#39;I&#39;e</strong></span> <span class='ocrx_word' id='word_1_186' title='bbox 357 3565 475 3651; x_wconf 80' lang='lat' dir='ltr'><strong>viginti</strong></span> <span class='ocrx_word' id='word_1_187' title='bbox 498 3585 611 3630; x_wconf 88' lang='lat' dir='ltr'><strong>novem</strong></span> <span class='ocrx_word' id='word_1_188' title='bbox 633 3564 734 3644; x_wconf 90' lang='lat' dir='ltr'><strong>anuis,</strong></span> <span class='ocrx_word' id='word_1_189' title='bbox 756 3563 801 3628; x_wconf 91' lang='lat' dir='ltr'><strong>mi</strong></span> <span class='ocrx_word' id='word_1_190' title='bbox 824 3563 934 3642; x_wconf 87' lang='lat' dir='ltr'><strong>dulcis,</strong></span> <span class='ocrx_word' id='word_1_191' title='bbox 958 3563 1086 3628; x_wconf 83' lang='lat' dir='ltr'><strong>educavi</strong></span> 
     </span>
     <span class='ocr_line' id='line_1_32' title="bbox 290 3669 1069 3755; baseline -0.001 -21"><span class='ocrx_word' id='word_1_192' title='bbox 290 3669 333 3736; x_wconf 76' lang='lat' dir='ltr'><strong>ut</strong></span> <span class='ocrx_word' id='word_1_193' title='bbox 345 3693 497 3736; x_wconf 91' lang='lat' dir='ltr'><strong>manuum</strong></span> <span class='ocrx_word' id='word_1_194' title='bbox 520 3669 680 3736; x_wconf 87' lang='lat' dir='ltr'><strong>laboribus</strong></span> <span class='ocrx_word' id='word_1_195' title='bbox 702 3674 862 3755; x_wconf 89' lang='lat' dir='ltr'><strong>utcunque</strong></span> <span class='ocrx_word' id='word_1_196' title='bbox 883 3669 1069 3734; x_wconf 84' lang='lat' dir='ltr'><strong>sustentari.</strong></span> 
     </span>
     <span class='ocr_line' id='line_1_33' title="bbox 291 3772 1058 3862; baseline -0.004 -21"><span class='ocrx_word' id='word_1_197' title='bbox 291 3774 461 3862; x_wconf 87' lang='lat' dir='ltr'><strong>Oquauta</strong></span> <span class='ocrx_word' id='word_1_198' title='bbox 481 3783 556 3842; x_wconf 89' lang='lat' dir='ltr'><strong>tunc</strong></span> <span class='ocrx_word' id='word_1_199' title='bbox 579 3776 742 3842; x_wconf 83' lang='lat' dir='ltr'><strong>dulcedine</strong></span> <span class='ocrx_word' id='word_1_200' title='bbox 765 3776 896 3860; x_wconf 89' lang='lat' dir='ltr'><strong>spiritus</strong></span> <span class='ocrx_word' id='word_1_201' title='bbox 918 3772 1058 3854; x_wconf 86' lang='lat' dir='ltr'><strong>fovebar,</strong></span> 
     </span>
     <span class='ocr_line' id='line_1_34' title="bbox 291 3878 1113 3967; baseline -0.005 -19"><span class='ocrx_word' id='word_1_202' title='bbox 291 3879 368 3948; x_wconf 83' lang='lat' dir='ltr'><strong>Cum</strong></span> <span class='ocrx_word' id='word_1_203' title='bbox 390 3903 513 3967; x_wconf 81' lang='lat' dir='ltr'><strong>semper</strong></span> <span class='ocrx_word' id='word_1_204' title='bbox 535 3881 598 3947; x_wconf 92' lang='lat' dir='ltr'><strong>tuis</strong></span> <span class='ocrx_word' id='word_1_205' title='bbox 621 3880 765 3946; x_wconf 89' lang='lat' dir='ltr'><strong>dulcibus</strong></span> <span class='ocrx_word' id='word_1_206' title='bbox 787 3879 953 3964; x_wconf 88' lang='lat' dir='ltr'><strong>colloquiis</strong></span> <span class='ocrx_word' id='word_1_207' title='bbox 974 3878 1113 3945; x_wconf 85' lang='lat' dir='ltr'><strong>fruebar.</strong></span> 
     </span>
     <span class='ocr_line' id='line_1_35' title="bbox 291 3985 1061 4072; baseline -0.005 -20"><span class='ocrx_word' id='word_1_208' title='bbox 291 3985 371 4052; x_wconf 80' lang='lat' dir='ltr'><strong>Erae</strong></span> <span class='ocrx_word' id='word_1_209' title='bbox 393 3987 477 4052; x_wconf 90' lang='lat' dir='ltr'><strong>enim</strong></span> <span class='ocrx_word' id='word_1_210' title='bbox 499 3987 579 4052; x_wconf 88' lang='lat' dir='ltr'><strong>mihi</strong></span> <span class='ocrx_word' id='word_1_211' title='bbox 601 3987 683 4072; x_wconf 91' lang='lat' dir='ltr'><strong>pius,</strong></span> <span class='ocrx_word' id='word_1_212' title='bbox 704 3985 792 4050; x_wconf 87' lang='lat' dir='ltr'><strong>mitis</strong></span> <span class='ocrx_word' id='word_1_213' title='bbox 815 3989 847 4049; x_wconf 88' lang='lat' dir='ltr'><strong>et</strong></span> <span class='ocrx_word' id='word_1_214' title='bbox 869 3989 1061 4064; x_wconf 86' lang='lat' dir='ltr'><strong>mansuetus,</strong></span> 
     </span>
     <span class='ocr_line' id='line_1_36' title="bbox 220 4089 1058 4178; baseline -0.004 -21"><span class='ocrx_word' id='word_1_215' title='bbox 220 4107 267 4146; x_wconf 69' lang='lat'><strong>⁶⁴⁶⁵</strong></span> <span class='ocrx_word' id='word_1_216' title='bbox 291 4089 452 4178; x_wconf 81' lang='lat' dir='ltr'><strong>Benignus</strong></span> <span class='ocrx_word' id='word_1_217' title='bbox 475 4097 507 4157; x_wconf 90' lang='lat' dir='ltr'><strong>et</strong></span> <span class='ocrx_word' id='word_1_218' title='bbox 530 4090 685 4172; x_wconf 85' lang='lat' dir='ltr'><strong>amabilis,</strong></span> <span class='ocrx_word' id='word_1_219' title='bbox 708 4091 808 4156; x_wconf 91' lang='lat' dir='ltr'><strong>dulcis</strong></span> <span class='ocrx_word' id='word_1_220' title='bbox 831 4094 863 4155; x_wconf 91' lang='lat' dir='ltr'><strong>et</strong></span> <span class='ocrx_word' id='word_1_221' title='bbox 885 4089 1058 4165; x_wconf 82' lang='lat' dir='ltr'><strong>disoretus;</strong></span> 
     </span>
     <span class='ocr_line' id='line_1_37' title="bbox 292 4195 988 4284; baseline -0.004 -21"><span class='ocrx_word' id='word_1_222' title='bbox 292 4195 419 4284; x_wconf 87' lang='lat' dir='ltr'><strong>Semper</strong></span> <span class='ocrx_word' id='word_1_223' title='bbox 441 4201 473 4263; x_wconf 89' lang='lat' dir='ltr'><strong>et</strong></span> <span class='ocrx_word' id='word_1_224' title='bbox 496 4198 716 4283; x_wconf 87' lang='lat' dir='ltr'><strong>obtemperans</strong></span> <span class='ocrx_word' id='word_1_225' title='bbox 739 4219 807 4263; x_wconf 90' lang='lat' dir='ltr'><strong>mee</strong></span> <span class='ocrx_word' id='word_1_226' title='bbox 829 4195 988 4262; x_wconf 86' lang='lat' dir='ltr'><strong>voluntati</strong></span> 
     </span>
     <span class='ocr_line' id='line_1_38' title="bbox 292 4299 1002 4388; baseline -0.003 -21"><span class='ocrx_word' id='word_1_227' title='bbox 292 4299 402 4384; x_wconf 78' lang='lat' dir='ltr'><strong>Fuisti,</strong></span> <span class='ocrx_word' id='word_1_228' title='bbox 425 4327 478 4370; x_wconf 89' lang='lat' dir='ltr'><strong>seu</strong></span> <span class='ocrx_word' id='word_1_229' title='bbox 502 4303 695 4388; x_wconf 87' lang='lat' dir='ltr'><strong>compatiens</strong></span> <span class='ocrx_word' id='word_1_230' title='bbox 717 4305 793 4367; x_wconf 87' lang='lat' dir='ltr'><strong>tono</strong></span> <span class='ocrx_word' id='word_1_231' title='bbox 814 4301 1002 4366; x_wconf 85' lang='lat' dir='ltr'><strong>necessitati.</strong></span> 
     </span>
     <span class='ocr_line' id='line_1_39' title="bbox 292 4405 947 4488; baseline -0.009 -12"><span class='ocrx_word' id='word_1_232' title='bbox 292 4405 329 4476; x_wconf 90' lang='lat' dir='ltr'><strong>lu</strong></span> <span class='ocrx_word' id='word_1_233' title='bbox 350 4409 496 4480; x_wconf 83' lang='lat' dir='ltr'><strong>omnibus</strong></span> <span class='ocrx_word' id='word_1_234' title='bbox 519 4409 666 4478; x_wconf 87' lang='lat' dir='ltr'><strong>obediens</strong></span> <span class='ocrx_word' id='word_1_235' title='bbox 688 4406 768 4474; x_wconf 89' lang='lat' dir='ltr'><strong>mihi</strong></span> <span class='ocrx_word' id='word_1_236' title='bbox 790 4410 827 4474; x_wconf 92' lang='lat' dir='ltr'><strong>tu</strong></span> <span class='ocrx_word' id='word_1_237' title='bbox 848 4405 947 4488; x_wconf 81' lang='lat' dir='ltr'><strong>bristi,</strong></span> 
     </span>
    </p>
   </div>
   <div class='ocr_carea' id='block_1_3' title="bbox 0 0 1522 4922">
    <p class='ocr_par' dir='ltr' id='par_1_3' title="bbox 0 0 1522 4922">
     <span class='ocr_line' id='line_1_40' title="bbox 0 0 1522 4922; baseline 0 3"><span class='ocrx_word' id='word_1_238' title='bbox 0 0 1522 4922; x_wconf 95' lang='lat' dir='ltr'><strong> </strong></span> 
     </span>
    </p>
   </div>
  </div>
 </body>
</html>
