2996 4924
753 307 794 378 72

354 487 445 565 Quod
469 487 714 572 hocnunquam
737 491 853 566 rueret,
876 487 954 572 quin
977 487 1069 571 virgo
1091 488 1274 571 parturiret,

358 591 419 658 Seu
442 592 601 677 quoddam
623 592 829 677 impossibile,
852 593 936 677 quod
959 594 1295 677 nunquameveniret.

279 716 331 754 1⁹⁷0
357 697 443 762 Ante
465 701 592 782 partum
616 697 750 783 virginis
773 698 805 762 in
828 697 895 762 celo
918 697 1108 762 videbantur

358 803 436 868 Tres
458 804 539 868 soles
562 804 617 889 qui
639 803 679 868 ed
701 803 834 868 invicem
859 802 1013 888 paulatim
1036 803 1262 888 iungebantur,

358 909 466 974 Donec
488 929 601 992 corpus
624 908 752 972 unicum
773 906 886 972 fierent
907 906 1019 982 solare,

359 1015 450 1092 Quod
473 1013 565 1078 nobis
589 1035 652 1078 non
675 1013 849 1097 incongrue
872 1012 996 1076 videtur
1019 1013 1189 1096 assignare.

359 1119 463 1186 Unius
486 1119 535 1184 dei
558 1119 714 1183 trinitatis
738 1116 861 1182 mistice
883 1117 1030 1202 figuram,

282 1245 333 1284 reu
361 1225 516 1310 Illamque
538 1247 594 1309 per
617 1223 718 1288 filium
735 1223 832 1296 ,nobis
854 1223 1055 1288 credituram.

360 1328 449 1394 Tunc
471 1349 565 1412 super
587 1326 723 1393 Romam
745 1327 880 1392 circulus
903 1329 934 1391 iu
958 1329 1024 1393 celo
1047 1327 1207 1392 ferebatur

360 1433 484 1499 Corona
507 1432 594 1497 velut
616 1454 721 1511 aurea,
744 1434 799 1517 qui
821 1433 942 1497 cunctis
965 1433 1140 1498 videbatur.

359 1537 396 1603 In
419 1538 588 1623 Magorum
611 1539 740 1622 regione
762 1537 817 1623 qui
839 1541 915 1601 tunc
938 1538 1133 1602 advenerunt

363 1642 463 1709 Stella
485 1645 562 1708 duce
586 1665 716 1708 munera
738 1643 877 1726 Jcsuque
899 1642 1052 1720 tulerunt,

285 1767 336 1806 1⁰⁸⁰
363 1747 388 1814 F
390 1750 498 1814 iebant
519 1749 680 1814 mirabilia
703 1747 837 1832 quedam
860 1751 892 1812 et
915 1750 1072 1830 portenta,

361 1854 429 1932 Que
451 1854 546 1919 scribi
569 1875 627 1939 pro
651 1853 799 1932 misteriis
823 1853 879 1918 hec
901 1857 1049 1936 poteraut
1072 1857 1203 1919 attente.

362 1959 486 2025 Horum
510 1983 590 2024 unus
613 1960 758 2044 assydam
781 1958 865 2023 domi
888 1958 1050 2022 nutriebat

361 2065 406 2130 Et
428 2087 498 2130 eam
519 2065 722 2130 domesticam
745 2064 849 2128 facere
872 2063 1038 2140 studebet3

364 2170 430 2234 Hec
452 2171 519 2234 avis
541 2190 601 2233 ora
624 2169 752 2253 gemina
774 2169 868 2233 solito
891 2168 1029 2252 ponebat

286 2295 335 2330 roes
363 2273 429 2349 Quo
452 2274 533 2338 sicut
555 2273 621 2338 eius
645 2273 746 2358 exigit
768 2277 883 2337 nature
905 2271 1112 2348 confovebat;

364 2379 424 2444 Sed
447 2400 519 2442 cum
542 2382 666 2463 tempus
688 2382 818 2444 venerat
841 2379 1034 2443 educationis

363 2485 544 2550 Monstrum
566 2487 631 2550 exit
654 2485 694 2550 ab
717 2487 785 2550 ovis
807 2485 902 2552 huius
925 2484 1127 2564 structionis;

363 2591 412 2654 Ex
435 2613 498 2654 uno
520 2592 569 2657 leo
593 2592 720 2676 prodiit,
732 2614 782 2656 ,ει
805 2593 904 2657 altero
928 2591 965 2655 lit
987 2613 1107 2676 agnum

363 2697 418 2761 De·
432 2719 494 2782 quo
517 2699 555 2762 fit
576 2701 687 2782 stupor
709 2697 855 2762 omnibus
878 2701 972 2781 atque
995 2697 1092 2760 timor
1114 2715 1259 2779 maguus.

286 2823 336 2859 1⁰⁹0
364 2799 488 2866 Referri
510 2803 590 2868 bene
612 2807 716 2888 potest
735 2803 797 2888 boc
820 2803 858 2866 cd
882 2802 1099 2886 integritatem

363 2906 508 2991 Virginis
530 2912 562 2972 et
584 2907 643 2972 filii
663 2908 705 2973 ed
728 2908 968 2986 humanitatem,

307 3011 308 3016 ’
364 3010 425 3087 Qui
447 3011 510 3076 fuit
532 3035 634 3098 agnus
655 3013 805 3078 innocens
827 3015 961 3078 mortem
984 3011 1132 3096 patiendo

365 3116 410 3180 Et
432 3116 530 3182 fuisse
551 3117 701 3182 scribitur
723 3118 772 3182 leo
795 3118 997 3203 resurgendo·

365 3219 459 3286 'Alter
480 3221 593 3308 Magus
616 3227 794 3287 aromatum
816 3222 946 3287 hortum
968 3223 1217 3306 complantatum
1243 3295 1246 3300 ,

289 3345 339 3382 roos
366 3325 489 3390 Habuit
510 3327 543 3390 in
565 3348 628 3410 quo
652 3327 826 3391 balsamum
849 3327 973 3392 colebat
994 3331 1226 3412 propagatum:

363 3429 402 3495 lu
425 3454 523 3496 unum
545 3431 743 3497 belsamitico
765 3432 874 3516 stipite
896 3432 1055 3497 crescebat

364 3535 514 3600 Eiusdem
538 3536 637 3601 herba
658 3537 812 3616 surculus,
837 3559 932 3621 quam
954 3559 1046 3601 nemo
1069 3536 1286 3622 cognoscebat,
1344 3595 1347 3602 .

364 3639 450 3703 Vitis
473 3638 592 3704 habens
615 3639 695 3704 folia
717 3643 749 3705 in
773 3662 920 3725 supremo
942 3639 1052 3705 florem

365 3742 538 3808 Iucundum
561 3749 657 3830 atque
679 3769 803 3812 roseum
825 3747 879 3812 sed
902 3769 974 3810 rosa
997 3746 1218 3830 pulchriorem.

287 3867 337 3903 2⁰⁰⁰
364 3847 532 3933 Creuitque
554 3849 714 3915 folliculus
737 3851 825 3916 floris
847 3852 880 3916 in
903 3873 1050 3936 supremo

365 3953 448 4030 Quid
470 3957 612 4038 portaret
634 3956 785 4040 germinis
809 3955 868 4020 hoo
890 3957 1010 4020 sciebat
1031 3977 1133 4022 nemo.

366 4057 426 4123 Sed
448 4081 588 4124 crescens
608 4060 665 4125 bic
687 4061 848 4126 folliculus
872 4081 946 4125 mox
968 4061 1162 4126 dilatabatur

366 4163 410 4228 Et
432 4165 587 4248 paulatim
611 4172 823 4232 uraturescens
846 4189 902 4250 per
924 4187 1018 4252 seque
1041 4165 1257 4250 rumpebatur,

773 4311 790 4350 s

282 4389 348 4444 1995
368 4389 391 4443 G
411 4389 514 4460 inquo
533 4390 612 4445 fehlt.
