3014 4926
799 333 860 400 162

411 510 504 580 Jesus
526 515 634 576 tudens
656 509 774 595 presidi
796 509 878 574 nihil
900 509 1118 594 respondebat,

334 637 385 675 ⁴⁷³⁶
412 619 460 684 De
483 639 545 703 quo
567 637 672 701 preses
695 619 743 680 est
764 616 899 680 miratus
921 615 1011 700 eique
1033 615 1175 680 dioebet:

411 722 493 788 Mihi
515 727 551 786 tu
573 742 637 786 non
659 721 824 805 loqueris?
846 725 879 784 te
901 720 1106 805 crucifigendi

412 826 607 892 Potestatem
628 825 731 889 habeo
753 829 847 908 teque
869 823 1079 889 dimittendi«

410 931 503 996 Jesus
526 932 588 995 ait:
614 928 708 994 »Non
730 929 862 994 haberes
884 930 918 994 in
941 953 998 995 me·
1013 935 1212 1014 potestatem,

354 1042 355 1050 ’
411 1036 444 1102 Si
467 1036 617 1101 traditam
639 1057 704 1099 non
727 1036 897 1119 accepisses
920 1035 1002 1100 hono
1024 1037 1254 1101 auctoritatem.

333 1162 386 1200 mo
413 1141 473 1208 Sed
495 1145 659 1226 peceatum
680 1139 714 1203 in
736 1161 786 1204 me
808 1140 910 1204 maius
926 1162 1027 1230 ,quarn
1050 1143 1086 1204 tu
1108 1141 1342 1220 commiserunt,

413 1248 475 1324 Qui
497 1248 536 1311 od
559 1243 761 1310 occidendum
783 1267 834 1310 me
855 1245 915 1308 tibi
939 1245 1166 1310 tradiderunt«

410 1349 534 1417 Exinde
557 1355 660 1434 preses
684 1350 846 1416 dominum
868 1349 1027 1416 dimittere
1050 1349 1184 1430 volebat,

287 1453 292 1466 '
413 1455 472 1520 Sed
494 1455 593 1539 ipsius
615 1453 767 1519 Judeicus
789 1456 925 1540 populus
948 1454 1089 1521 dicebat:

413 1560 466 1626 »si
488 1561 622 1624 dimittis
644 1560 739 1638 hunc,
762 1581 825 1624 non
848 1583 881 1624 es
903 1561 1025 1628 Ceteris
1047 1562 1203 1625 amicust«

333 1685 385 1723 ⁴⁷⁴⁶
412 1665 456 1729 Et
478 1664 592 1728 adiecit
614 1663 710 1729 etism
733 1665 868 1749 populus
894 1665 1037 1750 iniquus:

414 1770 494 1846 »Qui
516 1791 550 1834 se
572 1791 678 1855 regem
700 1769 820 1850 fecerit,
844 1769 949 1835 Gessri
972 1772 1196 1836 contradicitur

411 1874 471 1939 Ille
493 1895 595 1939 sermo
617 1873 733 1938 terruit
754 1873 894 1940 Pilatum
916 1879 1012 1959 utque
1034 1875 1119 1939 vicit.

412 1977 493 2042 »Hie
515 1981 593 2055 est«,
616 1977 731 2061 inquit,
758 1982 880 2042 >vester
902 2001 974 2056 rex3
998 1978 1074 2063 quid
1097 1980 1203 2058 vultis,
1228 1987 1264 2044 ut
1282 1961 1397 2066 egetur

411 2085 490 2148 Cum
512 2087 592 2148 eoi«
619 2084 849 2167 responderunt
871 2105 999 2148 omnes:
1025 2082 1112 2148 ›Ism
1134 2085 1375 2171 crucifigeturtr

330 2211 382 2248 ruo
411 2187 613 2266 »Vestrum«,
637 2187 693 2266 ait,
720 2209 845 2272 »regem
868 2187 964 2252 vultis
986 2209 1044 2254 nos
1066 2189 1331 2274 oruoifigemrrs?‹

410 2294 670 2379 Responderunt:
696 2291 849 2356 »Nulium
865 2313 972 2376 regem
984 2294 1037 2358 sed
1053 2291 1197 2358 Oesorem
1212 2294 1393 2358 habemus«

408 2399 497 2464 Tunc
519 2421 624 2483 preses
647 2420 753 2463 eoram
776 2398 922 2464 omnibus
944 2421 1027 2484 equs
1048 2421 1161 2464 manus
1183 2400 1282 2476 lavit3

410 2502 482 2572 »Ab
504 2503 603 2587 ipsius
625 2504 781 2586 sunguine
803 2526 873 2568 sum
895 2504 1076 2580 innocens«,
1100 2505 1257 2570 clamavit.

408 2609 470 2684 Qui
492 2608 649 2687 dixenrnt
677 2608 709 2672 in
732 2610 874 2692 ipsorum
895 2613 972 2674 tuno
995 2611 1287 2677 condemnationem

330 2735 382 2773 rus
410 2713 548 2799 Sanguis
571 2715 638 2778 eius
661 2736 835 2798 supernos
857 2717 889 2778 et
909 2718 1051 2780 nostrum
1073 2715 1247 2780 nationem!

444 3029 547 3114 Quod
577 3052 671 3102 uxor
697 3029 811 3102 Pilati
839 3029 989 3124 rogavit
1015 3053 1082 3124 pro
1108 3031 1212 3105 Jesu.

407 3238 496 3306 Uxor
519 3261 593 3304 vero
615 3238 711 3304 Pilati
735 3239 851 3304 merito
873 3239 1089 3306 demandavit:

407 3343 499 3410 »Non
523 3345 645 3410 oooidns
667 3346 787 3410 iustum
810 3345 904 3423 huno,
924 3346 999 3430 quia
1021 3346 1067 3410 nil
1091 3347 1239 3430 peocsvit.

408 3449 562 3514 Veritatis
585 3451 694 3514 doctor
717 3453 765 3516 est
786 3451 889 3516 iustus
911 3454 1007 3535 etque
1029 3456 1142 3532 rectus,

404 3552 507 3619 Verus
530 3555 580 3619 dei
601 3555 704 3620 cultor
727 3559 784 3634 est,
808 3556 927 3640 deoque
950 3555 1092 3620 dilectus.

326 3679 377 3715 που
404 3658 442 3724 In
462 3659 532 3744 ipso
555 3661 630 3726 deus
653 3659 780 3725 habitat
801 3661 994 3746 spiritusque
1016 3661 1076 3740 dei,

404 3763 538 3849 Propter
560 3769 702 3830 sanctam
725 3765 824 3830 vitem
847 3789 936 3831 susm
958 3767 1033 3832 huic
1054 3768 1198 3834 invident
1219 3766 1323 3834 Judei.

400 3865 473 3932 Hac
495 3874 587 3935 noete
609 3893 677 3936 sum
703 3893 760 3954 per
782 3871 931 3956 engelum
954 3872 1021 3938 eius
1044 3873 1183 3952 visitatu,

406 3972 455 4037 Ab
478 3973 667 4039 infirmitate
689 3999 759 4040 meu
781 3998 837 4060 per
858 3977 964 4062 ipsum
984 3999 1055 4042 sum
1079 3983 1199 4044 curata.

401 4076 450 4141 De
472 4078 551 4142 meis
575 4101 647 4144 nam
672 4079 833 4145 doloribus
856 4103 926 4146 sum
948 4080 1029 4148 bene
1050 4085 1224 4163 consolata,

322 4200 374 4238 eru
401 4183 445 4246 Et
468 4204 524 4265 per
547 4205 637 4248 suam
659 4185 812 4250 visionem
835 4209 905 4252 sum
928 4191 997 4252 totu
1019 4191 1183 4266 resenstu3

401 4285 829 4370 Δ111111111111111111111111,
853 4314 872 4356 a
895 4291 1009 4376 quibus
1032 4293 1204 4373 detinebar,

401 4389 444 4455 Et
467 4413 485 4454 s
507 4397 602 4476 partu
624 4393 768 4475 liberata,
791 4419 854 4480 quo
877 4397 931 4460 diu
954 4397 1018 4462 ium
1041 4398 1230 4483 torquebam
