3034 4922
649 381 710 452 177

278 558 361 624 Illud
383 560 462 626 mihi
484 559 637 646 gaudium
659 583 744 626 nune
767 561 902 626 vertitur
923 561 958 626 in
980 563 1101 628 luctum

275 663 411 750 Spiritus
436 670 468 732 et
489 666 594 731 anime
617 665 779 732 doloribus
802 667 983 733 obductum.

275 767 322 834 Ve
344 771 435 852 mihi,
457 792 512 836 eur
535 792 599 836 non
620 770 769 856 loqueris,
793 773 837 836 mi
858 771 916 852 fili,
938 772 1017 837 mihi
1040 794 1153 858 parum

198 893 250 932 ⁶2²⁵
276 873 447 942 Oonsolens
470 897 575 942 meum
598 876 746 962 spiritum
769 877 903 942 nimium
925 899 1078 956 amarum,

274 979 359 1048 Nam
380 981 408 1046 si
430 981 524 1046 modo
546 982 678 1047 moreris
700 987 766 1048 tam
789 983 857 1048 dire
878 983 1036 1048 oruoistus

183 1169 187 1180 Ι
274 1087 380 1173 Atque
401 1109 452 1152 me
473 1109 538 1152 non
560 1087 658 1152 fueris
680 1109 793 1172 parum
815 1088 1006 1168 consolatus,

274 1191 366 1258 Nihil
388 1195 489 1258 restat
510 1191 597 1256 aliud
620 1193 682 1256 nisi
705 1193 788 1278 quod
811 1193 952 1259 oecidam

274 1297 504 1382 Memetipeam,
527 1299 572 1363 sio
594 1320 697 1364 meam
718 1299 880 1364 miseriam
902 1299 1070 1383 precidem.

195 1421 247 1460 πω
274 1401 300 1468 0
323 1404 367 1468 mi
389 1403 562 1489 unigenite,
586 1425 605 1468 ο
626 1405 672 1468 mi
693 1403 749 1482 fili,
773 1404 874 1484 unies,

274 1507 372 1574 Matri
394 1511 449 1573 tue
471 1509 585 1574 misere
608 1513 711 1574 teoum
734 1509 815 1574 mori
837 1508 980 1574 tribuet«

121 1805 224 1892 Quod
250 1805 276 1880 J
280 1829 364 1882 esus
401 1807 440 1880 in
476 1827 584 1882 eruce
618 1807 781 1904 pendens
809 1807 1074 1882 consolabatur
1101 1811 1263 1882 matrem

628 1953 747 2004 suam.

271 2137 361 2206 Tune
381 2137 475 2206 Jesue
496 2139 742 2227 benignissimus
763 2139 838 2205 lieet
858 2139 947 2225 loqui
968 2161 1070 2224 panea

273 2242 392 2324 Posset,
415 2250 522 2310 tamen
544 2244 678 2310 dulciter
699 2243 862 2329 respondit
884 2265 959 2309 voee
981 2265 1076 2309 rauca

273 2347 369 2414 Matri
392 2369 457 2428 sue,
482 2349 589 2414 volens
612 2370 682 2415 eam
706 2349 841 2434 benigne
863 2348 1030 2429 consolari,

193 2471 245 2510 asso
271 2452 389 2519 Dolens
412 2475 450 2519 ex
472 2455 626 2520 lamentis.
642 2455 708 2518 eius
731 2453 824 2519 fletus
846 2458 912 2518 tem
935 2455 1045 2532 amari,

272 2557 404 2624 Dioens:
431 2556 477 2623 »Ο
500 2559 544 2623 mi
566 2558 666 2623 duleis
689 2562 790 2623 mater
812 2562 845 2623 et
867 2558 935 2623 sola
956 2559 1035 2624 mihi
1060 2561 1134 2624 soli!

273 2662 386 2748 Affligi
408 2667 534 2728 tantum
558 2667 688 2748 propter
711 2685 814 2728 meam
835 2665 1012 2747 passionem
1034 2665 1111 2744 noli,

270 2765 355 2832 Nam
377 2768 416 2833 de
437 2770 494 2832 tua
516 2766 606 2832 doleo
628 2765 701 2851 plus
723 2765 897 2832 afflictione

272 2871 372 2938 corde
395 2893 475 2952 meo,
499 2893 595 2957 quam
618 2871 769 2936 molestor
790 2871 828 2937 de
850 2893 920 2937 mss
942 2873 1097 2957 pensione,

195 2995 246 3034 suo
272 2977 316 3042 Et
337 2978 440 3043 omnis
462 2999 533 3042 mea
554 2977 659 3061 passio
682 2997 745 3041 non
768 2980 895 3042 tentum
914 2999 966 3042 me
989 2978 1147 3057 molestat,

271 3080 359 3148 Siout
382 3082 495 3169 ingens
518 3083 607 3148 dolor
629 3087 703 3148 tuus
724 3103 778 3148 eor
801 3103 906 3147 meum
929 3081 1080 3159 infestam

269 3187 313 3268 Et
334 3187 496 3252 clavorum
518 3187 651 3252 vulnera
672 3209 735 3252 non
758 3191 885 3252 tentum
906 3209 957 3252 me
979 3187 1196 3274 confringunt,

269 3291 358 3358 Siout
380 3297 434 3358 tue
455 3293 584 3358 leerime
606 3315 711 3358 meum
733 3315 786 3358 oor
809 3295 1042 3380 constringunt.

268 3393 353 3461 Ictus
376 3417 501 3482 quoque
523 3397 708 3462 malleorum
731 3418 794 3462 non
817 3419 867 3463 me
889 3401 1014 3463 tentum
1038 3398 1161 3476 cedunt,

191 3519 241 3557 ιω
269 3499 358 3566 Siout
379 3522 483 3566 meam
505 3500 645 3566 animam
666 3501 771 3566 luctus
792 3501 841 3566 tui
864 3502 982 3568 ledunt.

268 3606 367 3693 Ergo,
391 3606 595 3672 dilectissima
616 3611 729 3686 mater,
752 3628 839 3672 essse
861 3607 947 3688 flere,

268 3711 312 3778 Et
333 3734 391 3797 pro
413 3735 484 3778 mee
506 3717 608 3779 morte
630 3714 697 3778 noli
719 3717 846 3778 tantum
869 3718 905 3778 tu
928 3712 1049 3792 dolere;

267 3817 352 3884 Nam
375 3819 413 3884 de
435 3820 509 3884 oelie
533 3841 592 3904 ego
614 3819 728 3884 missus
751 3841 821 3884 sum
843 3841 863 3883 a
884 3841 954 3883 meo
975 3823 1075 3902 patre,

271 3923 342 4010 Ego
365 3946 490 4010 quoque
512 3925 632 4008 sumpsi
655 3947 781 3990 earnem
804 3946 842 3989 ex
866 3923 989 4009 virgine
1011 3927 1043 3989 te
1064 3929 1176 4002 matre,

190 4043 241 4084 ὕπο
268 4027 315 4094 Ut
335 4030 369 4094 in
392 4029 461 4114 ipse
482 4051 575 4094 earne
596 4029 709 4094 mortis
732 4028 870 4094 subirem
893 4029 1080 4113 passionem,

267 4131 414 4199 Humane
437 4135 651 4219 generationis
674 4134 708 4198 in
732 4133 990 4218 redemptionem,

269 4235 312 4302 Et
334 4238 408 4304 lieet
429 4240 523 4306 modo
546 4239 660 4325 patiar,
684 4261 742 4324 pro
765 4239 882 4304 mundo
905 4239 1087 4318 moriturum,

674 4363 692 4403 s

187 4459 255 4516 eleo
271 4461 290 4516 Z
308 4463 439 4520 sororiis
457 4467 531 4520 statt
548 4463 670 4520 moreris.

161 4563 301 4612 usaue·
1012 4553 1044 4614 12
