3014 4926
799 278 861 344 166

331 471 384 511 ωσι
411 453 478 521 Tus
500 454 645 521 doloioss
666 453 763 520 metri
785 474 881 518 sauss
902 453 1014 518 mortis
1038 452 1129 518 eris«

409 558 460 626 sio
482 561 573 647 virgo
596 565 698 626 mater
718 559 922 624 lamentando
944 557 1103 624 trsusibst
1124 559 1159 624 iu
1181 559 1242 624 hae
1263 559 1324 637 vis,

408 665 453 732 ut
474 667 630 732 intrantes
653 665 814 730 civitatem
837 664 962 730 dicebat
983 649 1105 728 Miris:

411 771 477 836 »Ve
499 771 589 851 mihi,
612 771 688 856 quid
711 791 795 835 nune
818 769 931 834 sudio!
952 769 1018 834 ism
1040 771 1089 834 est
1110 768 1229 834 elamor
1251 769 1380 848 multus,

409 875 447 942 In
470 876 598 942 civitate
621 875 730 960 populi
753 897 949 961 magnusque
970 873 1137 940 tumultus.

332 1001 383 1039 ατο
409 979 458 1048 Ve
480 981 570 1059 mihi,
592 981 686 1046 modo
708 1002 841 1065 puerum
863 1002 968 1046 meum
990 979 1181 1059 oeciderunt,

413 1070 470 1152 Vei
491 1086 531 1150 ed
553 1086 756 1152 occidendum
778 1109 850 1150 eum
872 1089 999 1151 tentum
1020 1085 1245 1150 clamaverunt.

409 1189 614 1258 Procedeutss
637 1189 860 1274 Msgdsleusm
882 1189 1017 1254 Mariam
1040 1189 1228 1256 invenerunt

409 1295 561 1380 Aliasque
583 1293 718 1362 feminas
740 1317 812 1360 eum
834 1294 893 1360 ille
915 1317 975 1378 que
998 1294 1143 1370 fuerunt;

409 1399 477 1477 Qus
499 1399 623 1484 repulse
645 1399 773 1466 fuerunt
794 1421 814 1464 α
835 1397 912 1466 Jesu
934 1399 1135 1484 flagellando,

331 1523 383 1562 ms
409 1504 632 1570 Lementsntes
654 1506 749 1570 finem
772 1505 873 1570 nsueti
894 1505 1024 1570 stabunt
1046 1501 1248 1590 expectando.

410 1608 514 1674 Meris
536 1610 627 1696 virgo
650 1609 872 1697 Mugdslensm
895 1611 1023 1676 flentem
1045 1615 1083 1676 ut
1107 1597 1240 1694 aspexit,

410 1712 491 1780 Fore
513 1737 605 1782 suum
628 1715 730 1780 filium
752 1715 786 1780 in
808 1715 897 1799 penis
919 1714 1086 1780 intellexit.

411 1817 541 1884 Viribus
564 1824 596 1886 et
619 1820 733 1904 spiritu
756 1820 869 1886 defecit
892 1821 1055 1900 destitute,

409 1925 455 1992 ut
475 1925 643 2010 complosis
666 1926 812 1992 menibus
835 1927 889 1992 vix
910 1929 959 1992 est
980 1925 1038 1992 hee
1061 1927 1184 1992 locutu:

334 2047 385 2084 esso
413 2029 498 2096 »Ubi
522 2053 599 2115 puer
621 2053 709 2096 meus
731 2035 801 2098 est?
824 2032 874 2096 die
894 2031 974 2096 mihi
996 2029 1207 2117 Msgdslens!

410 2133 470 2198 uss
491 2135 633 2200 eccisus?
658 2135 707 2200 vel
729 2135 762 2200 iu
786 2135 874 2220 qusli
896 2135 1054 2200 detinetur
1076 2137 1181 2218 pens?

410 2236 517 2302 Meum
539 2239 739 2324 unigenitum
762 2238 818 2304 ubi
841 2238 997 2316 dimisisti,

411 2341 528 2407 Vivum
552 2344 618 2408 sive
640 2348 801 2410 mortuum
824 2345 928 2428 ipsum
950 2344 1151 2428 reliquistis«

410 2447 512 2514 Meris
535 2449 613 2516 flens
635 2472 692 2534 prs
713 2449 852 2516 lacrimis
874 2450 961 2534 loqui
984 2450 1038 2514 vix
1060 2447 1187 2514 valebat

332 2569 383 2607 ⁴⁸⁸⁵
411 2553 455 2618 Et
477 2554 515 2618 sd
539 2559 647 2636 peetus
670 2555 803 2640 virginis
825 2577 973 2620 corruens
997 2555 1137 2622 dicebat:

413 2655 458 2720 »Ο
481 2657 609 2724 domins
631 2659 839 2739 amatissima,
861 2660 941 2724 mihi
964 2659 1145 2745 predileets,

411 2759 437 2824 0
460 2761 622 2848 virgiuum
644 2764 821 2829 esstissims
842 2787 898 2849 pre
921 2763 1066 2830 omnibus
1087 2765 1195 2843 electu,

411 2863 437 2930 0
460 2865 527 2945 celi,
552 2871 642 2947 terre,
666 2867 803 2932 siderum
818 2867 929 2953 regius
950 2867 1100 2954 gloriose,

408 2969 436 3035 Ο
458 2969 535 3038 Jesu
557 2972 618 3038 mei
641 2973 760 3038 domini
782 2978 883 3039 meter
906 2973 1059 3054 dolorosa,
1156 2965 1158 2969 ’

332 3091 383 3129 ⁴⁸⁹0
410 3072 437 3139 Ο
461 3076 514 3159 pie
536 3079 637 3142 mater
658 3081 769 3144 saneta
791 3079 883 3164 virgo
905 3079 1087 3145 dulcissime
1108 3079 1221 3158 Meris,

409 3179 497 3246 Tuus
518 3181 583 3248 ism
605 3186 654 3248 est
675 3182 760 3248 filius
782 3184 815 3248 in
838 3184 951 3249 mortis
973 3185 1105 3272 ugonis!

411 3283 499 3352 Tuus
521 3287 704 3374 unigenitus
726 3287 933 3372 dominusque
956 3311 1042 3356 meus

409 3389 502 3466 Jesus
523 3392 603 3458 mihi
626 3393 824 3476 predileetus‚
848 3395 989 3460 salvator
1010 3396 1122 3461 mundi
1143 3396 1228 3472 deus,

409 3495 462 3562 Me
484 3498 609 3564 vidente
631 3499 695 3564 iem
717 3499 781 3564 fuit
803 3500 843 3565 sd
866 3504 1005 3566 ststuem
1027 3501 1155 3586 ligatus,

331 3618 382 3656 ⁴⁸⁹⁶
409 3599 454 3666 ut
476 3602 516 3666 sb
539 3625 576 3670 eo
598 3625 649 3670 me
671 3605 797 3689 repulse
819 3606 885 3671 dire
909 3606 1108 3692 flagellatum

407 3705 468 3772 Sed
490 3708 554 3774 iem
576 3729 683 3798 eorum
704 3711 826 3794 preside
848 3715 936 3776 stans
959 3711 1026 3796 ipss
1048 3713 1215 3792 iudicetur,

409 3811 453 3876 Et
475 3835 494 3876 α
516 3812 625 3880 Judeis
648 3815 754 3899 impiis
777 3815 816 3880 sd
839 3821 974 3882 mortem
995 3818 1205 3902 postulatus«

409 3917 511 4004 Virgo
534 3923 635 3986 mater
657 3920 787 3986 audiens
809 3921 867 3986 hec
889 3922 1010 3988 eiulsus
1033 3923 1173 3990 dicebat:

410 4021 478 4087 ›Ve
499 4023 598 4090 mihi!
622 4047 668 4104 ve
693 4045 730 4091 ve
751 4026 799 4092 fili
821 4026 903 4092 mii«
929 4033 1099 4114 pectusque
1121 4031 1252 4099 eedebet
1323 4057 1327 4066 ·

331 4145 382 4182 ⁴⁰⁰⁰
410 4125 498 4192 inter
520 4151 632 4196 munus
654 4130 819 4198 hominum
841 4133 987 4200 deficiens
1010 4135 1150 4201 cedebat.

813 4259 831 4298 s

325 4349 394 4404 4886
413 4349 436 4404 G
457 4351 595 4423 michique
614 4354 725 4412 dilecte.
795 4359 864 4416 4900
882 4359 909 4416 Μ
928 4361 1067 4430 omnium
1084 4363 1112 4420 G'
1127 4363 1280 4424 hominum.
