3080 4938
793 364 833 429 18

236 539 291 624 qui
316 559 334 602 a
357 521 422 603 suis
444 537 696 604 antecessoribus
719 537 899 619 audierunt,
922 561 980 605 neo
1001 539 1113 606 obviat
1135 539 1289 619 obiectio,
1325 562 1389 625 qua

235 645 306 729 quis
328 644 432 709 dicere
454 648 570 728 posset,
593 641 723 709 Judmos
746 643 881 728 praefato
903 648 1046 730 temporo
1061 645 1202 710 nondum
1217 644 1317 710 fuisse
1332 667 1388 730 per

236 747 345 812 Titum
376 752 409 814 et
432 746 665 834 Vespasianum
694 749 870 834 dispersos,
905 750 989 836 quod
1021 771 1131 815 verum
1160 753 1224 826 eat,
1258 748 1388 815 fererant

235 855 342 918 tamen
365 857 441 919 ante
463 875 547 939 saepe
570 853 703 938 dispersi
727 855 760 918 in
776 875 884 919 omnes
900 854 1055 941 regiones,
1078 853 1256 940 etquidem
1277 875 1386 920 eorum

236 958 330 1024 etiam
356 958 485 1024 lieentia
508 957 621 1023 habita
642 956 793 1022 redeundi
815 957 848 1022 in
871 961 990 1024 terram
1012 981 1113 1038 suam,
1136 958 1299 1037 nolebant,
1322 959 1385 1023 ita·

236 1087 298 1150 qne
321 1087 444 1150 semper
466 1069 653 1130 manserunt
668 1085 724 1149 per
740 1063 885 1150 regiones
899 1063 1014 1145 Judaei,
1037 1069 1070 1130 et
1083 1063 1178 1130 hodie
1197 1065 1225 1128 si
1241 1063 1386 1130 licentia·

235 1175 347 1236 rantur
369 1170 473 1236 redire
494 1169 761 1255 Jherosolymam,
785 1170 916 1254 plurimi
938 1173 966 1236 si
989 1171 1035 1237 eis
1057 1171 1146 1257 optio
1167 1171 1314 1250 daretur,
1337 1191 1387 1234 re-

237 1281 404 1342 manerent
426 1276 476 1340 vel
498 1279 685 1356 remearent,
710 1275 786 1362 quia
801 1276 941 1357 divitias,
965 1299 1044 1362 quaa
1060 1277 1113 1342 hic
1129 1275 1300 1360 possident,
1323 1296 1387 1339 non

235 1381 421 1466 reperirent,
445 1381 528 1446 unde
551 1402 634 1465 saepe
649 1385 723 1466 post
737 1381 971 1446 revocationem
987 1381 1146 1447 commin
1161 1386 1279 1446 terram
1295 1401 1386 1446 sane-

215 1463 302 1554 ⁰tam
324 1491 437 1571 sponte
461 1487 623 1552 redierunt
646 1487 680 1550 in
702 1491 815 1565 terras,
838 1488 870 1552 in
895 1485 1012 1573 quibua
1034 1487 1103 1552 nati
1125 1486 1264 1552 luerent.

322 1591 454 1658 Sextum
478 1593 605 1678 signum
631 1591 835 1678 antiquitatis
857 1593 996 1657 civitatis
1019 1589 1180 1658 Ulmenais
1211 1595 1261 1656 ast
1284 1591 1387 1656 mani-

234 1697 452 1764 festissimum.
498 1695 583 1761 Nam
606 1695 747 1761 Karolua
769 1718 905 1782 magnas
928 1697 984 1782 qui
1014 1695 1080 1762 fuit
1101 1696 1185 1761 eirca
1207 1717 1308 1760 annos
1330 1697 1387 1760 do·

235 1803 314 1867 mini
337 1803 556 1888 octingentos,
579 1802 712 1866 donavit
734 1802 874 1887 regalem
897 1801 1008 1868 villam
1040 1800 1171 1867 Ulmum
1193 1801 1385 1866 monasterio

235 1905 333 1972 Ouiae
356 1912 388 1973 et
410 1911 486 1973 sunt
506 1908 571 1972 iam
603 1907 694 1992 quasi
717 1906 912 1992 septingenti
935 1907 1020 1972 anni.
1045 1905 1252 1972 Manifestum
1281 1911 1385 1972 autem

235 2019 284 2079 est
305 2012 434 2079 Ulmum
460 2015 535 2078 ante
557 2011 714 2077 Karolum
737 2011 834 2078 inisse
864 2013 985 2097 aliquid
1019 2011 1148 2096 magni,
1180 2033 1244 2076 non
1278 2010 1385 2076 villam

237 2119 295 2183 illo
317 2118 411 2183 modo
434 2117 552 2182 dictam
582 2117 665 2182 sicut
695 2138 753 2181 nos
785 2116 947 2203 loquimur
979 2117 1019 2182 de
1049 2117 1154 2194 villis,
1185 2117 1385 2181 nominantes

236 2223 329 2288 villas
352 2223 420 2288 sine
442 2222 541 2286 muris
564 2221 753 2286 stramineos
776 2221 1001 2301 habitationes,
1024 2221 1079 2286 sed
1101 2224 1197 2305 prout
1212 2219 1329 2286 Franci
1352 2225 1383 2286 et
1455 2259 1460 2270 ·

236 2327 318 2393 Galli
342 2329 517 2413 loquuntur
546 2327 585 2392 tle
606 2327 708 2406 villis,
740 2327 796 2411 qui
822 2327 977 2392 maximas
1000 2327 1094 2392 urbes
1117 2331 1149 2391 et
1170 2325 1384 2391 munitissima

235 2435 352 2518 oppida
365 2427 466 2498 ‘villas
489 2432 661 2517 appellant,
685 2436 718 2497 et
739 2431 801 2496 boo
822 2431 969 2496 innuitur
990 2454 1061 2496 cum
1078 2432 1110 2496 in
1126 2429 1284 2497 Karolina
1303 2453 1383 2516 prra-

234 2539 320 2603 dicta
342 2537 526 2602 nominatur
548 2535 626 2602 villa
648 2536 777 2622 regalis.

320 2642 462 2728 Septima
483 2642 566 2708 ratio
590 2641 721 2726 ponitur
742 2643 777 2706 in
799 2647 940 2726 tempore
963 2641 1209 2706 constructionis
1227 2642 1383 2726 parochiae

237 2749 276 2814 ad
300 2771 408 2814 omnes
431 2751 566 2813 sanctos.

323 2853 444 2918 Errant
466 2874 543 2938 ergo
565 2852 614 2916 illi
636 2852 692 2936 qui
710 2849 838 2918 Ulmum
861 2855 979 2935 putant
995 2873 1064 2917 asse
1078 2874 1195 2917 novam
1212 2853 1382 2931 civitatem,

234 2981 306 3024 cum
327 2959 438 3024 multis
462 2957 621 3023 veteribus
644 2958 687 3022 sit
710 2957 874 3036 vetustior,
898 2961 935 3021 ut
957 2959 1046 3041 patet
1068 2957 1107 3022 de
1129 2957 1281 3044 Elslinga,
1313 2977 1382 3042 qnae

154 3056 162 3075 '
235 3063 369 3148 antiqua
390 3067 558 3148 reputatur
573 3062 697 3141 civitas,
720 3085 816 3148 quam
832 3066 941 3128 tamen
957 3061 1135 3128 Friderions
1151 3063 1273 3148 primus
1293 3083 1381 3126 muro

234 3169 344 3249 cinxit,
369 3169 424 3254 qui
447 3169 542 3256 longe
564 3173 638 3253 post
659 3167 993 3253 Karolummagoum
1016 3167 1087 3232 fuit

322 3275 482 3342 Ultimum
505 3275 634 3360 signum
649 3274 818 3340 vetustatis
841 3273 909 3338 eius
924 3277 973 3338 est
987 3273 1099 3338 modus
1114 3277 1284 3338 structurae
1306 3272 1382 3350 eiua,

235 3403 309 3444 nam
332 3380 473 3464 antiqnae
496 3379 641 3444 civitates
664 3379 698 3442 in
718 3377 872 3443 circulum
896 3377 1136 3444 aedificabantur
1156 3382 1190 3442 et
1205 3377 1314 3442 omnia
1333 3382 1384 3441 tu·

235 3487 396 3551 multuosa
417 3489 508 3550 extra
530 3484 625 3549 urbes
647 3483 860 3568 gerebantur,
891 3487 924 3548 et
946 3505 1003 3568 per
1024 3485 1131 3548 omnia
1153 3483 1199 3548 sio
1221 3489 1291 3548 erat
1314 3504 1384 3546 cum

236 3592 368 3678 antiqua
390 3589 497 3670 Ulma,
521 3594 558 3655 ut
580 3589 850 3674 exsequentibus
872 3589 1004 3674 patebit.
