3080 4938
809 344 853 411 48

253 523 366 584 nentur
381 520 437 585 illa
452 544 522 606 quae
538 523 577 588 ad
593 522 804 588 incensionem
822 523 1069 597 bombardorum
1082 522 1264 608 exiguntur.
1302 519 1407 604 Supra

170 631 173 648 ¹
253 625 468 690 molendinum
490 626 570 692 illud
593 632 668 692 sunt
691 628 761 694 duae
784 651 871 694 arces
893 651 957 694 nou
980 628 1116 694 multum
1140 649 1160 691 a
1182 649 1215 692 se
1238 626 1404 704 distantes,

253 734 364 796 contra
386 727 637 799 candidatorium
660 735 873 820 respicientes,
896 735 1013 798 directe
1035 755 1053 798 e
1075 732 1205 818 regione
1226 732 1405 808 domorum,

253 857 325 919 qum
340 837 463 902 suntin
479 840 704 906 candidatorio.
743 839 781 906 In
797 841 857 906 hoc
871 839 1089 905 candidatorio
1101 823 1282 904 tractantur
1293 836 1405 902 aestiuo

253 946 405 1027 tempore,
430 948 465 1008 ut
487 947 636 1029 praemisi,
660 947 758 1031 panni
781 948 812 1011 in
837 951 929 1012 tanta
951 944 1171 1022 multitudine,
1195 946 1233 1006 ut
1254 963 1405 1006 numerus

254 1047 287 1112 in
303 1048 514 1114 aestimatione
529 1052 695 1138 sexaginta
712 1052 802 1118 milia
817 1055 1029 1138 computetur,
1054 1049 1189 1134 demptis
1205 1046 1379 1114 vascanicis
1393 1047 1402 1082 ¹

254 1175 325 1237 quae
348 1153 530 1220 colorantur
552 1155 653 1242 nigro.
700 1156 774 1222 Ideo
790 1158 923 1244 vulgare
938 1155 1142 1241 proverbium
1157 1158 1216 1234 est,
1239 1152 1325 1238 quod
1339 1173 1403 1217 non

254 1259 297 1324 sit
318 1259 431 1324 civitas
453 1260 569 1326 nedum
592 1261 626 1324 in
648 1259 827 1342 Alemania,
850 1262 905 1327 sed
926 1283 984 1327 nec
1006 1262 1040 1326 in
1062 1260 1158 1326 Italia
1181 1264 1237 1324 aut
1258 1258 1401 1335 Francia,

254 1386 326 1448 quae
348 1362 466 1430 habeat
487 1365 534 1429 ita
555 1365 738 1431 deliciosum
762 1388 907 1431 rosarum
930 1366 1060 1432 hortum
1083 1365 1208 1430 civitati
1231 1386 1401 1440 annexum,

253 1469 336 1533 sicut
354 1467 457 1548 Ulma,
480 1491 552 1554 quaa
573 1492 750 1556 respersum
767 1472 848 1536 albis
864 1471 997 1538 floribus
1017 1470 1115 1536 habet
1129 1471 1250 1556 grande
1265 1472 1402 1554 pratum,

254 1575 292 1639 de
316 1574 431 1660 quibus
453 1575 555 1640 multa
578 1576 668 1642 milia
689 1577 856 1642 hominum
877 1599 1054 1663 pauperum
1076 1580 1109 1642 et
1131 1575 1267 1641 divitum
1290 1574 1402 1640 vivunt

254 1684 287 1745 et
309 1680 504 1746 nutriuntur.
1258 1743 1263 1750 .

342 1783 577 1872 consequenter
599 1789 784 1854 extenditur
806 1811 915 1854 murus
938 1787 1077 1852 civitatis
1100 1785 1255 1872 usquead
1277 1786 1402 1870 portam

254 1891 355 1956 beatae
378 1889 540 1978 Virginis,
568 1895 618 1958 cui
642 1894 707 1959 alta
729 1893 880 1959 innititur
909 1893 1007 1958 turris
1029 1896 1121 1976 septa
1143 1889 1401 1976 propugnaculis.

254 2001 328 2061 ante
350 2001 480 2081 pontem
502 1997 597 2062 huius
621 2003 721 2082 portoe
744 2003 792 2063 est
815 1998 984 2084 pectoralis
1006 1997 1143 2062 munitio
1167 1996 1266 2060 muria
1289 2001 1322 2060 et
1336 1992 1401 2058 fos·

253 2103 331 2168 satis
354 2102 546 2182 fortissima,
580 2103 615 2168 in
644 2126 707 2190 qua
736 2103 972 2189 supereminent
1003 2107 1125 2186 septem
1151 2097 1400 2186 propugnacula

254 2208 306 2276 Ab
329 2209 386 2274 illa
409 2213 502 2294 porta
524 2232 624 2294 usque
648 2211 686 2274 ad
705 2215 829 2294 portam
844 2208 972 2274 Novam
987 2209 1111 2274 suntin
1127 2205 1296 2292 principali
1312 2224 1402 2268 muro

254 2319 326 2380 octo
341 2319 445 2381 turres
461 2315 543 2380 etin
558 2338 649 2380 muro
665 2315 809 2380 inferiori
825 2320 890 2380 tres
913 2315 1039 2380 noviter
1055 2313 1149 2379 iactae
1171 2312 1270 2376 fortes
1293 2315 1325 2374 et
1348 2309 1403 2372 lir-

255 2443 325 2485 mae.
370 2419 409 2486 In
431 2442 529 2486 unam
552 2425 657 2486 autem
681 2411 811 2486 illarum
839 2423 976 2486 turrium
1005 2421 1044 2486 de
1066 2419 1193 2485 fossato
1225 2417 1291 2481 ruit
1321 2436 1402 2510 aqna

253 2528 285 2588 et
307 2526 404 2588 vertit
426 2527 561 2610 grandes
584 2530 670 2592 rotas
693 2527 726 2590 in
749 2525 849 2592 fundo
872 2528 981 2606 turris,
1003 2526 1118 2611 quibus
1142 2523 1313 2590 artificiose
1328 2543 1399 2586 aue·

253 2629 343 2695 hitur
373 2653 456 2715 aqna
489 2652 614 2696 sursum
646 2633 679 2697 in
711 2633 855 2718 superius
888 2633 985 2698 turris
1021 2629 1260 2709 habitaculum,
1296 2627 1422 2715 ibique¹

252 2735 352 2800 effusa
374 2735 408 2800 in
430 2737 662 2821 receptaculum
689 2738 788 2802 abeo
811 2760 868 2822 per
892 2759 1027 2803 cannam
1052 2735 1233 2824 plumbeam
1255 2735 1399 2800 deorsum

254 2841 408 2906 relabitur
431 2845 463 2907 et
484 2864 541 2926 per
564 2844 714 2908 dracones
737 2843 890 2908 dividitur
905 2867 961 2928 per
976 2843 1149 2920 civitatem,
1173 2844 1206 2906 at
1220 2841 1254 2904 in
1269 2838 1401 2905 diversis

254 2947 330 3010 locis
352 2946 386 3011 in
409 2947 513 3012 fontes
536 2948 685 3013 salientes
709 2949 857 3032 erumpit.
882 2949 923 3014 ab
946 2971 983 3014 ea
998 2949 1081 3014 enim
1099 2945 1181 3012 turri
1198 2949 1231 3011 et
1246 2945 1287 3010 ab
1302 2945 1402 3010 altero

254 3053 391 3137 quodam
414 3052 483 3118 loco
506 3053 602 3118 etiam
626 3053 683 3118 tali
707 3055 800 3119 modo
823 3043 976 3119 dividitur
999 3054 1032 3118 in
1056 3054 1097 3118 23
1122 3052 1225 3116 fontes
1249 3071 1305 3135 per
1326 3049 1403 3114 ciui-

253 3161 361 3222 tatem.
409 3157 461 3224 Ab
483 3158 541 3223 illa
563 3182 718 3244 aquarum
742 3165 830 3226 turre
853 3161 979 3226 venitur
1002 3160 1041 3225 ad
1065 3181 1168 3224 arcem
1183 3158 1283 3222 altam
1302 3159 1404 3241 portae

253 3263 364 3344 Nova,
388 3287 459 3349 qua
482 3287 539 3330 arx
562 3271 676 3330 ornata
698 3271 747 3332 est
769 3267 902 3350 picturis
932 3271 964 3332 et
990 3263 1115 3331 munita
1144 3262 1404 3348 propugnaculis,

254 3373 328 3433 ante
350 3369 439 3435 cuius
462 3375 590 3454 pontem
613 3376 662 3437 est
684 3372 876 3438 fortalitium
894 3372 1052 3458 pectorale
1067 3368 1317 3436 munitissimum
1332 3389 1403 3432 cum

255 3475 553 3560 7propngnaculis.
600 3475 652 3540 Ab
675 3477 731 3542 illa
754 3481 848 3562 porta
870 3477 1045 3542 reflectitur
1066 3498 1177 3541 murus
1210 3473 1340 3540 omnino
1371 3473 1404 3536 in

158 3557 242 3637 ...ltu
253 3579 445 3644 occidentem
469 3581 630 3665 usquead
655 3581 808 3666 angulum
839 3586 872 3647 et
894 3604 993 3647 cornu
1014 3579 1170 3659 civitatis,
1207 3583 1239 3644 et
1262 3599 1405 3663 propug-

252 3685 374 3750 naculis
397 3686 548 3765 munitus,
573 3687 719 3773 iungitur
741 3687 780 3752 ad
804 3689 917 3752 turrim
943 3686 1103 3764 Viridem,
1127 3685 1172 3750 sic
1195 3683 1404 3761 nominatam,

254 3791 329 3874 quia
352 3789 477 3856 viride¹
500 3790 598 3856 habet
627 3797 764 3872 tectum,
799 3793 875 3858 olim
905 3797 1012 3858 tamen
1035 3791 1198 3856 dicebatur
1221 3789 1319 3869 turris
1350 3789 1407 3854 der

254 3893 455 3980 Gremlinger
487 3895 569 3962 sicut
602 3897 690 3963 vicum
722 3898 762 3963 ab
795 3921 832 3964 ea
854 3897 1024 3982 procedens
1056 3896 1172 3962 dicitur
1205 3893 1406 3980 Gremliuger

253 4000 329 4085 gali,
353 4023 372 4064 a
396 4000 586 4085 quibusdam
609 4003 749 4087 antiquis
771 4002 894 4068 civibus
917 4001 1119 4087 Gremlinger
1149 3997 1342 4078 nominatis,
1373 4001 1406 4062 et

820 4163 839 4204 a

328 4273 340 4324 1
361 4269 510 4324 vestanieis
538 4269 611 4326 Mon.
632 4272 661 4336 l,
684 4269 756 4326 oben
778 4270 831 4325 hat
857 4269 983 4324 darselbe
1007 4268 1161 4324 castanice.
1198 4267 1276 4322 (lana
1303 4265 1406 4322 ebenso

255 4357 316 4413 Sch.
336 4375 362 4414 u.
382 4356 425 4410 Kl.
462 4355 549 4412 Wibl.
568 4357 620 4412 hat
637 4357 794 4414 beidemale
812 4357 970 4412 vescanica.
1031 4355 1188 4411 2viridum
1207 4355 1281 4411 Mon.
1301 4357 1323 4409 1.
1342 4353 1407 4410 fich.

256 4447 300 4501 Kl.
336 4445 463 4501 viridem
481 4445 568 4500 Wibl.
