2996 4924
655 347 697 415 53

187 539 239 578 1⁴¹⁶
266 523 309 591 Flt
330 523 433 591 Maria
454 522 618 590 consolata
639 547 673 590 se
695 525 752 590 deo
775 525 1015 594 commendavit.

326 762 431 849 Quod
457 763 578 838 Maria
606 763 853 860 desponsatur
879 765 903 838 J
906 767 1030 862 osoph.

262 944 339 1011 Post
361 945 463 1011 hoc'a
485 944 699 1010 sacerdotibus
721 943 825 1010 Maria
846 967 920 1011 mox
942 951 1082 1028 vocatur,

263 1049 444 1136 Josephque
467 1051 665 1116 sanctissimo
688 1051 756 1116 viro
779 1051 995 1136 desponsatur.
1092 1117 1095 1122 .

262 1157 306 1222 Et
328 1161 404 1222 tunc
426 1158 603 1222 sacerdotes
625 1155 745 1242 Joseph
768 1157 909 1223 inducias
933 1157 1086 1223 dedemnt

260 1258 396 1345 Tempus
419 1261 518 1326 trium
538 1262 694 1326 mensium
715 1265 747 1327 et
769 1262 831 1346 ipsi
852 1261 1090 1342 mandaverunt,

185 1383 235 1422 aa>
261 1365 351 1443 Quod
373 1367 528 1452 virginem
552 1367 716 1432 traducere
738 1367 874 1432 Mariam
896 1390 960 1432 non
982 1365 1109 1432 deberet

260 1470 376 1550 Donec,
397 1475 470 1556 post
484 1475 681 1536 contractum
695 1472 796 1552 illum,
820 1479 884 1538 tres
899 1495 1021 1538 menses
1037 1471 1232 1557 adimpleret

259 1573 311 1639 Ab
333 1575 408 1640 hinc
428 1574 549 1660 Joseph
572 1575 758 1642 Bethlehem
780 1577 950 1642 revertitur
973 1579 1148 1663 gaudendo.

260 1680 327 1746 Deo
350 1703 421 1746 oum
442 1681 582 1766 tripudio
605 1682 726 1767 gratias
749 1685 880 1768 agendo,

259 1783 305 1851 Ut
326 1787 393 1851 eius
416 1787 598 1867 necessaria,
622 1789 733 1853 domus
756 1789 916 1854 ordinaret

182 1907 232 1946 ¹⁴2⁶
258 1891 303 1956 nt
324 1892 364 1958 ad
386 1913 458 1958 suas
481 1893 608 1978 nuptias
630 1915 753 1980 queque
774 1899 966 1980 prepararet.

156 2125 260 2214 Quod
287 2132 501 2204 sacerdotes
528 2131 711 2204 miserunt
738 2129 898 2202 Mariam
923 2131 962 2203 in
990 2129 1191 2204 Nazareth.

257 2314 318 2381 Sed
340 2314 476 2381 Mariam
499 2315 673 2382 sacerdotes
695 2315 729 2380 in
751 2313 912 2380 Nazareth
933 2313 1088 2380 miseruut

257 2419 293 2486 ln
316 2422 446 2487 domum
468 2421 578 2506 patris,
601 2425 634 2487 et
656 2421 685 2487 ei
707 2420 942 2486 associaverunt

256 2523 382 2610 Septem
404 2529 505 2591 castas
529 2525 677 2612 virgines,
701 2525 801 2590 socias
822 2525 931 2609 ipsius,

257 2629 334 2696 (lum
358 2631 473 2717 quibus
494 2629 697 2696 habitaverat
717 2631 751 2696 in
775 2630 867 2696 domo
890 2630 940 2696 dei
962 2631 1058 2714 prius,

178 2753 230 2791 1⁴³⁰
255 2733 303 2802 Ut
323 2737 385 2821 ipsi
407 2758 464 2820 pro
486 2735 599 2801 solatio
622 2735 728 2800 forent
749 2735 910 2815 novitatis,

255 2839 299 2906 m
320 2863 379 2926 pro
402 2840 582 2905 testimonio
605 2863 660 2905 sue
682 2841 846 2905 castitatis.

255 2943 350 3010 Domi
371 2967 443 3011 cum
465 2945 578 3030 puellis
601 2946 651 3010 his
673 2945 777 3011 Maria
797 2967 868 3011 cum
890 2945 1047 3025 manebat
1107 3004 1114 3014 .

254 3047 355 3116 Sicuti
376 3056 588 3132 consueverat,
611 3052 722 3117 devote
744 3073 777 3117 ae
799 3051 945 3137 gerebat3

254 3153 393 3241 Vigiliis,
416 3155 542 3221 ieiuniis
564 3161 596 3220 et
617 3157 768 3235 oratione,

177 3275 227 3316 une
255 3255 314 3324 Vel
336 3259 469 3344 legendo
492 3258 698 3344 psalmodiam
720 3281 792 3325 oum
814 3261 988 3342 devotione,

254 3359 442 3448 Secretaque
464 3363 591 3428 celestia
613 3365 662 3429 rel
685 3364 959 3449 contemplabatur

252 3465 312 3532 Vel
333 3489 485 3533 manuum
506 3466 667 3534 laboribus
689 3469 747 3536 hec
769 3468 967 3555 operabatur.

185 3703 288 3788 Quod
315 3705 439 3802 angeli
467 3705 684 3800 frequenter
712 3706 962 3780 visitaverunt
989 3705 1159 3782 Mariam.

254 3887 424 3954 Venientes
447 3889 552 3976 angeli
575 3910 647 3974 sepe
669 3890 879 3975 loquebantur

253 3993 332 4059 Cum
354 3993 457 4060 Maria
479 3995 620 4074 dulciter,
644 4000 676 4060 et
698 3995 780 4060 hanc
801 3995 1055 4061 consolabantur.

181 4119 229 4155 1⁴⁴⁰
254 4099 328 4184 Ipsa
349 4123 423 4166 vero
444 4101 494 4167 die
516 4101 652 4186 quadam
675 4101 894 4187 egrediebatur

255 4203 303 4270 De
324 4206 452 4272 castella
474 4204 642 4286 Nazareth,
667 4211 699 4272 et
720 4207 822 4292 ipsam
844 4203 1035 4294 sequebatur

659 4329 677 4367 a

176 4426 238 4481 1417
257 4425 280 4482 G
298 4426 418 4490 rodatur
435 4431 509 4490 statt
527 4429 718 4504 desponsatur·
