3072 4936
781 335 844 400 128

241 514 330 577 tinne
353 512 422 576 siue
444 511 618 576 cessatione
639 511 876 576 diminuebatur
898 514 1039 596 potestas
1062 511 1199 591 abbatis,
1222 516 1256 576 et
1278 513 1392 577 debitis

242 619 327 682 ultra
343 618 469 681 modurn
486 621 638 703 gravatus
654 616 810 682 vendebat
833 625 864 680 et
881 616 1120 702 impignorabat
1135 618 1254 701 passim
1269 641 1393 702 posscs-

240 724 353 798 siones,
378 723 498 798 curiass
514 743 635 803 census,
669 723 816 803 decimas,
840 723 969 802 reditus,
1003 722 1122 787 telonia
1144 727 1176 788 et
1198 723 1392 803 huiusmodi,
1516 749 1517 766 ¹

241 851 311 912 quae
335 828 441 892 omnia
456 827 623 893 Ulmenses
647 827 795 893 emebant
817 832 850 892 et
872 849 944 892 cum
967 827 1124 892 industria
1139 828 1393 912 cooperabantur
1516 889 1517 916 ᾖ

242 926 381 1012 adhoc,
412 938 449 998 ut
472 933 570 1000 abbas
602 956 673 998 cum
696 934 860 998 monachis
891 934 1028 1019 grandes
1060 933 1094 998 iu
1117 931 1215 999 Ulma
1237 955 1393 1018 expensas

241 1040 385 1118 haberet,
410 1061 490 1123 quas
505 1039 567 1123 ipsi
590 1062 648 1124 pro
671 1062 708 1104 eo
724 1040 882 1104 solverent
902 1061 972 1104 cum
997 1039 1204 1118 dasdamus,
1228 1044 1261 1105 et
1283 1041 1394 1126 saepis·

242 1146 321 1209 sime
343 1143 593 1228 interpellabant
615 1148 648 1209 et
670 1145 877 1229 postulabant
908 1145 968 1209 sibi
992 1145 1032 1208 ab
1056 1145 1172 1212 abbate
1202 1146 1290 1210 mitti
1314 1170 1395 1230 prae·

240 1249 346 1315 fatum
362 1249 576 1316 lanceatorum
594 1273 772 1330 numerum,
793 1251 848 1336 qui
863 1249 969 1316 Ulmae
985 1251 1018 1314 iu
1034 1249 1231 1336 gravissimis
1247 1252 1395 1336 expensis

240 1354 366 1420 abbatis
389 1360 498 1435 erant,
529 1356 680 1440 quamdiu
715 1355 836 1421 civibus
867 1357 997 1441 placuit.
1043 1355 1157 1440 Sicque
1189 1378 1336 1440 expensa
1359 1359 1395 1422 in

240 1461 430 1524 immensum
453 1465 620 1526 creverunt
643 1483 743 1546 usque
765 1461 805 1526 ad
828 1467 972 1546 tempora
994 1462 1134 1527 Ludwici
1159 1460 1285 1542 Bavari,
1309 1485 1396 1546 prae·

241 1566 323 1629 tensi
345 1566 557 1650 imperatoris,
581 1567 636 1652 qui
659 1567 692 1630 in
715 1567 954 1651 praeiudicium¹
979 1567 1105 1632 abbatis
1128 1566 1167 1631 ad
1189 1555 1397 1633 Ulmensium

245 1691 351 1753 preces
375 1671 557 1736 immutavit
578 1673 686 1738 omnia
707 1673 912 1757 municipalia
926 1672 1066 1738 civitatis
1088 1695 1144 1757 per
1167 1673 1299 1738 abbates
1315 1674 1395 1753 lata¹
1516 1665 1517 1690 ¹

244 1779 276 1840 et
300 1773 377 1840 fecit
392 1775 436 1840 ibi
461 1777 594 1842 eundem
610 1778 750 1844 ordinem
767 1778 850 1844 sicut
872 1779 905 1842 in
922 1778 993 1843 aliis
1015 1777 1395 1862 imperialibus-civitati·
1516 1781 1517 1804 ³

240 1880 299 1944 bus
322 1885 408 1960 erat,
442 1882 586 1947 tribuens
608 1883 653 1948 eis
676 1887 866 1966 potestatem
889 1883 1027 1968 eligendi
1050 1881 1239 1967 magistrum
1262 1881 1396 1962 civium,

240 1985 358 2050 iudices
382 1991 414 2051 et
436 1993 582 2052 senatum
605 1990 741 2072 ponendi
765 1993 798 2054 at
819 2011 909 2054 suam
925 1988 1185 2054 communitatem
1208 1987 1241 2050 in
1265 1987 1397 2054 zunflas

241 2089 412 2155 dividendi.
458 2090 573 2177 Sisque
605 2116 689 2160 anno
711 2095 766 2158 dni
792 2095 876 2160 1346
903 2095 994 2159 stetit
1016 2091 1114 2159 Ulma
1144 2093 1179 2158 in
1201 2113 1258 2158 suo
1282 2095 1396 2160 ordine

241 2196 412 2261 secundum
438 2198 565 2282 regulas
590 2201 630 2264 ab
653 2201 844 2286 imperatore
864 2201 964 2280 datas}
988 2223 1052 2265 non
1068 2204 1175 2264 tamen
1197 2198 1301 2264 adhuc
1324 2203 1397 2264 erat

241 2302 388 2367 absoluta
418 2325 437 2366 a
468 2305 684 2372 iurisdictione
713 2307 951 2372 monachorum.
998 2305 1075 2371 Post
1102 2304 1286 2370 Ludwicum
1316 2327 1395 2371 vero

241 2407 379 2473 Karalus
402 2413 536 2492 quartus
559 2409 766 2476 Ulmensibus
789 2412 990 2477 confirmavit
1022 2411 1129 2476 omnia
1161 2433 1234 2493 quae
1268 2411 1301 2474 in
1332 2410 1396 2476 bac

242 2515 335 2595 parte
357 2517 468 2598 egerat
490 2514 665 2595 Ludwicus,
688 2521 720 2580 et
741 2517 835 2600 plura
858 2516 979 2580 addidit
1001 2516 1178 2602 privilegia,
1201 2537 1260 2582 nec
1283 2517 1395 2582 audie-

241 2615 359 2679 bantur
382 2618 530 2682 monachi
552 2620 585 2684 in
609 2621 804 2686 contrarium
827 2621 1052 2700 reclamantem
1076 2643 1140 2686 nou
1163 2627 1272 2686 tamen
1295 2623 1396 2688 solvit

241 2721 379 2787 Karalus
402 2724 622 2812 colligationes
645 2729 770 2794 abbatis
794 2727 891 2794 Ovviae
914 2733 946 2792 et
969 2727 1109 2792 civitatis
1135 2724 1313 2806 Ulmanus,
1337 2728 1393 2792 sed

241 2849 341 2892 naxus
372 2830 495 2894 remisit
525 2835 557 2895 et
589 2831 774 2918 languidam
804 2833 1011 2900 fortissimam
1043 2832 1217 2918 ligaturam
1249 2831 1393 2916 reliquit,

241 2933 420 3018 mansitque
444 2957 492 3000 res
516 2936 562 3000 ita
584 2941 669 3002 stare
693 2939 853 3024 usquead
877 2939 1047 3004 concilium
1064 2937 1253 3002 Basileense.
1301 2935 1393 3001 'lunc

241 3037 325 3103 enim
348 3061 403 3103 rex
418 3037 634 3107 Romanorum
652 3041 841 3123 llriderious,
864 3044 928 3108 iam
951 3043 1126 3128 imperator
1140 3041 1227 3107 illius
1251 3042 1392 3107 nominis
1516 3053 1517 3060 ’

241 3145 365 3224 tertius,
389 3145 536 3213 dissolvit
551 3171 659 3215 omnes
676 3151 907 3236 colligationes,
931 3148 1161 3230 Ulmensasqua
1184 3169 1204 3210 a
1227 3147 1393 3212 monachis

240 3249 379 3317 absolvit
402 3255 434 3318 et
448 3252 581 3319 liberam
597 3255 758 3320 civitatem
775 3253 972 3339 imperialem
993 3275 1061 3320 esse
1075 3251 1163 3332 fecit,
1187 3251 1263 3316 data
1278 3252 1391 3317 abbati

241 3381 299 3442 pro
322 3359 387 3424 suis
409 3359 531 3424 iuribus
553 3359 676 3444 ingenti
700 3361 906 3445 pecuniarum
928 3357 1051 3444 copia¹.

328 3463 454 3528 Tertius
476 3467 579 3528 status
602 3465 741 3530 civitatis
764 3465 925 3533 Ulmeusis
955 3471 1004 3532 est
1035 3469 1218 3550 atempore
1252 3485 1319 3528 suaa
1343 3486 1392 3529 re·

241 3569 432 3652 demptionis
448 3591 467 3633 a
485 3569 650 3635 monachis
666 3567 764 3634 Owiae
788 3591 913 3656 magna
929 3592 1030 3654 usque
1045 3569 1085 3634 ad
1100 3571 1212 3633 nostra
1234 3573 1390 3652 tempora,

240 3673 274 3736 in
297 3695 361 3758 quo
383 3678 470 3740 statu
492 3675 624 3760 optimis
646 3675 771 3761 legibus
792 3675 991 3761 gubernatur
1013 3675 1104 3760 quasi
1126 3673 1166 3738 ad
1189 3673 1320 3738 modum
1343 3672 1392 3736 di·

240 3778 323 3843 viuae
346 3781 379 3843 et
400 3781 537 3846 coelestis
559 3780 664 3858 curiae,
689 3803 760 3864 quae
776 3803 876 3845 unum
892 3780 992 3844 habet
1013 3779 1189 3864 principem
1213 3783 1246 3843 et
1268 3779 1390 3844 trinum

241 3884 343 3948 Deum
355 3885 621 3969 omnipotentem:
646 3886 691 3950 sic
706 3889 737 3950 at
747 3885 781 3949 in
792 3885 908 3970 politia
919 3883 1064 3951 Ulmensi
1080 3888 1128 3948 ast
1143 3905 1226 3948 unus
1237 3884 1392 3970 magister

241 3990 357 4054 civium
373 3994 444 4055 actu
469 4011 592 4074 regens,
616 3991 776 4070 attribue,
800 3992 875 4076 quis
891 4013 1013 4075 semper
1037 3991 1156 4056 tresde
1179 3990 1390 4075 optimatibus

242 4094 303 4159 sibi
326 4095 360 4159 in
383 4095 538 4179 regimine
561 4096 749 4176 succedunt;
773 4100 805 4161 et
828 4097 910 4162 sicut
933 4095 1081 4163 Christus
1105 4095 1146 4160 12
1173 4095 1290 4160 habuit
1314 4117 1391 4180 spo·

804 4237 822 4278 *

313 4321 324 4374 1
346 4320 375 4373 in
394 4318 527 4373 iudicium
556 4319 656 4376 Schad.
684 4319 728 4376 Kl.
756 4319 840 4378 Woll.
864 4318 934 4376 Golr.
962 4318 1083 4376 Schmid.
1104 4319 1191 4375 Wibl.
1209 4319 1283 4374 Basa
1373 4321 1389 4371 2

241 4413 268 4466 fl.
287 4410 374 4465 24000
393 4408 460 4465 Gok.
481 4409 538 4464 und
558 4410 630 4465 Basa.
648 4427 695 4466 am
714 4409 809 4466 raude.
846 4410 941 4481 Vergl.
960 4427 981 4468 s.
1000 4411 1042 4466 27.
