3080 4938
789 333 832 398 76

238 509 391 594 ignobilis
414 508 599 594 aequalibus
622 509 745 573 maritis
768 512 800 574 61
822 509 956 576 66161116
978 515 1186 590 concurrunt,
1211 513 1391 595 praefertur

241 614 368 694 nobilis,
393 614 469 699 quia
490 614 627 698 gradum
650 613 757 692 addit,
788 616 966 700 praesertim
988 617 1014 680 si
1039 615 1126 680 locus
1148 614 1325 699 praelaturoe
1347 617 1393 681 sit

241 720 425 794 bellicosus3
449 723 485 784 111
507 720 546 784 de
563 724 634 784 actu
659 719 874 804 praelatorum
891 720 931 786 10
956 720 973 804 ἓ
1002 723 1049 784 11.
1095 717 1249 784 Similiter
1271 719 1317 784 sic
1340 721 1391 786 ia-

240 827 329 892 ciunt
350 825 508 910 principes
531 823 707 904 saeculares,
730 829 767 890 ut
782 825 919 910 legimus
941 825 973 888 in
999 823 1221 888 vetustissimis
1244 826 1390 905 croniciS,

242 931 297 1016 qui
312 931 478 1015 imperium
494 929 711 996 Romanorum
723 930 771 996 rel
789 929 971 1015 frequenter
986 931 1020 994 in
1035 928 1223 994 illustriores
1240 952 1393 1013 personas

240 1034 470 1100 studiosissime
501 1035 736 1100 transtulerunt
768 1033 922 1119 usquein
956 1033 1041 1098 hunc
1064 1034 1157 1098 diem.
1195 1035 1293 1100 etiam
1316 1041 1393 1102 61116

238 1139 481 1210 translationem
494 1139 630 1223 imperii,
656 1139 731 1204 dum
748 1139 1067 1223 adhucimperatores
1084 1139 1124 1204 ab
1141 1141 1279 1204 exercitu
1291 1141 1392 1226 elige-

244 1247 378 1324 bantur,
406 1245 534 1310 nonnisi
557 1245 702 1330 generosi
735 1245 864 1308 fuerunt
886 1243 995 1320 616611;
1030 1243 1157 1326 dempto
1180 1237 1391 1326 Diocletiano,

242 1352 297 1437 qui
320 1350 454 1436 augurio
485 1348 674 1416 daemonum
708 1347 770 1414 fuit
801 1347 918 1414 electus
948 1353 980 1413 et
1001 1347 1175 1414 inhumana
1204 1351 1393 1418 crudelitate

241 1457 342 1536 rexit,
375 1461 411 1522 ut
434 1461 540 1541 patet,
571 1458 625 1542 qui
648 1455 713 1521 init
733 1455 888 1530 rusticus3
924 1457 956 1518 61
979 1452 1095 1532 Phoco,
1119 1454 1173 1538 qui
1196 1455 1392 1523 stabularius

241 1561 402 1626 cuiusdam
427 1563 555 1647 patricii
581 1560 715 1628 Romani
737 1561 771 1626 iu
794 1557 947 1624 seditione
970 1557 1104 1623 militari
1127 1559 1190 1625 fuit
1210 1561 1329 1628 electus
1352 1564 1394 1628 ad

241 1665 420 1750 imperium,
443 1689 506 1752 quo
523 1667 638 1751 adepto
661 1667 799 1751 primum
822 1664 855 1728 in
871 1662 1058 1747 spectabiles
1082 1663 1166 1729 viros
1189 1665 1314 1749 imperii
1337 1666 1393 1732 de·

244 1771 346 1836 saevit
367 1776 400 1838 61
420 1773 538 1838 multos
573 1771 688 1836 occidit
709 1776 741 1836 et
772 1770 812 1834 ab
834 1767 960 1834 Eraclio
990 1769 1199 1853 interemptus
1222 1769 1294 1835 fuir.
1341 1770 1394 1836 Ad

243 1876 346 1942 instar
369 1899 444 1964 ergo
466 1877 687 1942 bellicosorum
710 1875 913 1940 ecclesiarum
934 1877 967 1938 et
994 1873 1229 1958 principatuum
1251 1897 1394 1942 commu-

243 1983 327 2048 nitas
344 1982 495 2048 ulmensis
519 2005 583 2048 non
610 1983 701 2067 eligit
723 1980 786 2044 nisi
800 1978 905 2044 virum
928 1979 967 2044 de
986 1979 1051 2044 suis
1074 1981 1235 2046 nobilibus
1258 1982 1392 2048 civibus.
1514 1979 1515 1982 '

243 2087 332 2156 Sicut
354 2088 447 2152 etiam
471 2087 595 2154 faciunt
617 2085 877 2160 communitates,
901 2106 973 2168 quae
996 2085 1191 2170 principatus
1214 2091 1333 2166 tenent,
1356 2091 1396 2152 111

243 2195 452 2258 communitas
492 2193 660 2258 venetiana
696 2196 728 2256 61
761 2191 957 2270 mediolana,
995 2213 1066 2274 quae
1100 2213 1164 2256 non
1197 2191 1321 2277 eligunt
1353 2193 1395 2257 ad

243 2299 424 2364 huiusmodi
439 2298 658 2385 gubernacula
682 2296 743 2362 nisi
761 2294 951 2381 insigniores
974 2295 1141 2361 nobilitate
1164 2297 1337 2376 decoratos,
1362 2303 1396 2362 et

244 2406 271 2470 si
294 2402 468 2468 defecerint
490 2403 613 2469 nobiles
637 2402 692 2478 eis,
716 2424 792 2468 mox
814 2422 912 2467 novos
927 2406 1036 2467 creant
1057 2402 1189 2482 nobiles,
1214 2404 1396 2489 principum

243 2509 348 2588 iussu,
383 2513 415 2572 61
450 2509 488 2574 do
519 2508 583 2574 illis
606 2508 668 2573 sibi
700 2508 811 2572 ducem
834 2507 1043 2573 constituunt.
1088 2506 1138 2572 Sic
1162 2512 1195 2574 61
1216 2507 1394 2576 Ulmenses.
1514 2547 1515 2550 ¹

245 2613 327 2679 Sunt
351 2618 504 2697 praeterea
527 2614 643 2698 aliquae
666 2612 811 2678 civitates
834 2635 905 2698 quae
929 2633 967 2676 611
983 2615 1105 2678 statuto
1127 2635 1190 2678 nou
1214 2614 1341 2699 eligunt
1362 2615 1395 2679 iu

246 2722 400 2783 rectorem
422 2718 485 2782 nisi
501 2718 639 2784 nobilem
654 2717 790 2784 militem
812 2719 894 2783 sicut
910 2718 1090 2804 Argentina
1112 2723 1144 2784 61
1160 2718 1294 2800 Basilea,
1318 2721 1397 2805 quia

244 2823 416 2890 secundum
440 2824 666 2908 philosophum
689 2824 709 2888 4
733 2822 823 2907 polit.
848 2822 1021 2908 principari
1044 2823 1205 2904 nesciunt,
1239 2826 1395 2908 quisunt

244 2929 336 3014 egeni
360 2934 393 2994 61
415 2928 502 2994 viles.
548 2927 598 2993 lix
621 2927 768 2993 omnibus
798 2927 849 2993 his
872 2927 952 2994 moti
974 2929 1099 3014 antiqui
1121 2927 1288 2995 Ulmsnscs
1312 2951 1396 2995 non-

246 3033 308 3098 nisi
330 3033 368 3098 de
383 3034 448 3098 suis
472 3031 633 3098 nobilibus
648 3033 840 3118 magistrum
861 3033 994 3118 eligunt.
1041 3033 1085 3098 Et
1107 3031 1154 3099 ita
1176 3034 1299 3099 nobiles
1321 3057 1396 3100 cum

245 3138 441 3204 zunltalibus
464 3143 495 3204 et
517 3133 673 3204 zunftales
697 3160 769 3204 cnm
791 3137 952 3204 nobilibus
972 3137 1185 3204 iuramentis¹
1208 3144 1283 3204 sunt
1305 3141 1396 3205 colli·

245 3245 325 3330 gati,
348 3248 385 3309 ut
407 3265 453 3323 aa,
477 3265 547 3328 quar
570 3265 609 3308 ox
625 3243 766 3328 antiquis
789 3243 1069 3309 consuetudinibus
1084 3243 1211 3329 utrique
1234 3245 1318 3329 parti
1342 3245 1398 3310 de-

246 3348 316 3415 bita
338 3351 421 3428 sunt,
445 3352 559 3412 neutra
581 3371 655 3434 pars
679 3349 771 3414 alteri
801 3349 1018 3434 praeiudicium
1042 3349 1160 3414 inferre
1182 3350 1306 3417 audeat.
1353 3352 1401 3418 Et

247 3455 323 3541 quia
345 3454 477 3538 antiqua
492 3454 718 3520 consuetudine
741 3453 958 3520 introductum
973 3453 1119 3530 habetur,
1143 3457 1225 3538 quod
1242 3457 1399 3542 magister

246 3561 362 3626 civium
386 3558 423 3624 de
446 3558 542 3622 tertio
565 3559 674 3624 ordine
696 3559 827 3645 cligitur
850 3563 1002 3643 tanquam
1025 3559 1062 3624 de
1077 3559 1298 3641 nobilioribus,
1325 3561 1398 3626 ideo

247 3669 335 3750 patet
357 3663 565 3748 propositum.

250 3905 311 3973 De
349 3909 537 4000 civibus
579 3909 722 3974 tertii
767 3910 949 3975 ordinis
990 3912 1033 3974 in
1073 3909 1314 3996 singulari
1356 3915 1399 3976 et

692 4011 979 4084 nominatim'

336 4209 386 4274 Ex
409 4207 473 4272 iam
501 4208 593 4272 dictis
622 4213 711 4293 patet
741 4209 823 4293 quod
856 4210 967 4274 civitas
990 4209 1151 4277 Ulmensis
1184 4211 1307 4298 regitur
1342 4235 1400 4295 per

814 4321 830 4358 ὴ

320 4402 330 4454 1
353 4395 543 4453 Scbwtrbriel.
581 4397 651 4452 Bess.
671 4415 717 4452 am
736 4399 830 4454 rande.
