3060 4936
807 365 869 432 180

261 544 327 608 vita
338 543 441 608 sancti
453 543 617 608 Benedicti
632 542 734 608 necin
751 543 818 609 eius
832 541 945 627 regula
958 541 1109 627 legebant
1121 543 1256 608 eundem
1268 548 1410 610 sanctum

260 648 442 714 huiusmodi
476 649 666 732 possedisse,
697 671 754 712 nec
781 649 927 714 foeminas
960 670 1017 711 sua
1050 649 1244 714 monasteria
1267 649 1410 726 intrasse,

260 759 316 818 aut
338 759 479 820 mortuas
502 755 534 818 in
559 776 618 818 suo
640 753 833 818 monasterio
856 752 996 836 sepultas
1013 751 1120 830 fuisse,
1148 753 1280 838 dempta
1303 763 1411 820 sancta

259 859 455 924 Scholastica
478 843 585 924 sorore
606 881 673 924 sua.
720 859 798 924 Haec
814 857 977 943 Sigibotus
990 855 1011 937 ¹,
1035 863 1067 924 et
1089 858 1248 924 habentur
1271 861 1304 924 in
1329 883 1408 945 spec.

260 964 334 1030 bist.
364 968 455 1047 parte
478 965 507 1036 2,.
539 964 592 1029 lib.
617 964 669 1028 27.
700 985 767 1046 cap.
795 965 822 1027 1.
869 962 954 1026 Dum
987 982 1064 1047 ergo
1095 962 1320 1030 cistercienses
1353 963 1409 1032 sub

260 1069 395 1152 praefeta
411 1070 554 1133 viverent
569 1067 682 1147 forma,
706 1073 797 1134 tanta
819 1068 993 1134 multitudo
1008 1069 1160 1133 iuvenum
1181 1069 1310 1134 adeum
1334 1093 1408 1136 con·

258 1171 354 1238 fluxit
376 1173 537 1250 ordinem,
560 1179 596 1235 ut
620 1172 813 1238 monasteria
834 1194 887 1238 eos
909 1193 1021 1257 capere
1043 1195 1106 1237 non
1130 1181 1269 1258 possent.
1305 1177 1413 1241 sedet

259 1279 398 1362 virgines
429 1278 480 1342 bis
504 1278 655 1362 exemplis
677 1283 773 1344 motae
795 1279 899 1344 seculo
923 1279 1143 1344 renuntiantes
1174 1282 1344 1346 turmatim
1374 1283 1411 1346 sd

163 1385 247 1464 ,Q
259 1383 454 1448 monasteria
475 1381 732 1448 Oisterciensium
754 1384 975 1462 confluebant,
1005 1385 1113 1469 ibique
1143 1390 1217 1452 ante
1248 1391 1413 1470 portasse

259 1492 494 1572 prosternentes
529 1487 632 1552 ordini
669 1490 796 1554 subesse
827 1487 988 1573 petebant.
1045 1489 1137 1556 Unde
1170 1491 1303 1556 abbatas
1338 1493 1414 1558 uicti

259 1593 503 1677 importunitate
518 1590 714 1675 pulsantium
732 1594 799 1658 loca
815 1593 861 1658 eis
877 1593 1121 1678 assignaverunt
1136 1595 1169 1658 in
1185 1618 1294 1662 eorum
1312 1597 1411 1682 agris,

259 1698 364 1775 silvis,
397 1697 560 1762 montibus
583 1701 615 1760 et
649 1696 796 1764 vallibus.
842 1698 891 1762 Fla
913 1704 1102 1783 tempestate
1124 1700 1223 1764 abbas
1245 1703 1285 1766 de
1306 1700 1415 1768 Salem

259 1803 351 1886 plura
373 1801 444 1868 loca
466 1801 646 1886 virginibus
669 1803 864 1887 assignavit,
897 1804 930 1867 in
961 1804 1076 1887 quibus
1100 1805 1194 1870 hodie
1217 1809 1414 1872 monasteria

259 1909 388 1992 egregia
411 1913 495 1984 sunt,
520 1908 635 1991 quibus
658 1908 824 1992 providere
846 1909 959 1988 habet,
983 1910 1067 1974 inter
1090 1931 1160 1994 quae
1184 1915 1233 1976 est
1254 1910 1413 1996 Hegbacb

258 2013 503 2089 monasterium,
535 2013 619 2097 quod
642 2012 676 2077 in
698 2013 755 2078 illo
778 2015 902 2079 fervore
924 2014 1052 2080 initium
1076 2015 1230 2098 sumpsit,
1259 2015 1414 2100 impensis

260 2117 421 2202 virginum
438 2117 628 2182 aedificatum
644 2141 715 2184 cum
738 2119 897 2184 adiutorio
912 2119 1039 2184 abbatis
1056 2120 1094 2184 de
1110 2118 1225 2184 Salem.
1250 2143 1308 2185 nec
1333 2122 1414 2188 alios

259 2223 373 2288 babuit
388 2223 583 2302 fundatores,
606 2223 681 2288 licet
704 2225 825 2288 nobiles
848 2225 886 2288 de
903 2223 1036 2307 Friberg
1060 2225 1121 2288 sibi
1137 2225 1268 2290 titulum
1293 2226 1412 2292 funda·

259 2333 364 2392 torum
398 2335 550 2411 usurpent
580 2351 638 2412 pro
667 2351 704 2393 eo
736 2331 819 2413 quod
849 2329 895 2394 ibi
925 2353 998 2396 suas
1030 2331 1150 2396 babent
1173 2332 1360 2415 sepulturas
1383 2339 1414 2398 et

259 2435 380 2496 statuta
402 2432 626 2498 anniversaria.
673 2433 814 2498 Tandem
830 2440 936 2500 autem
952 2440 1131 2519 tepescente
1152 2435 1277 2502 fervore
1300 2438 1410 2503 chari-

258 2537 335 2602 tatis
358 2535 481 2620 perdita
496 2537 559 2600 fuit
581 2541 612 2601 et
628 2537 750 2603 abiecta
772 2539 884 2604 charta
901 2539 1078 2618 charitatis,
1102 2543 1135 2604 et
1156 2540 1270 2624 religio
1287 2539 1408 2607 Gister-

259 2642 411 2708 cieusium
434 2643 649 2708 remissionem
680 2667 773 2728 passa
795 2646 828 2710 in
860 2645 1017 2710 defectum
1041 2644 1130 2728 lapsa
1152 2645 1234 2723 fuit,
1264 2645 1351 2712 sicut
1381 2653 1413 2712 et

259 2751 371 2811 ceterae
394 2747 573 2831 religiones,
597 2752 629 2812 et
651 2748 761 2812 multis
785 2750 877 2814 annis
899 2750 932 2812 in
949 2749 1157 2814 dissolutione
1179 2751 1257 2814 ordo
1281 2759 1412 2818 sanctus

259 2851 434 2935 permansit
456 2874 555 2936 usque
578 2853 617 2916 ad
640 2854 696 2917 illa
719 2859 862 2937 tempora
891 2877 955 2938 quo
977 2853 1091 2938 religio
1120 2854 1222 2918 sancti
1245 2855 1412 2922 Benedicti

259 2957 446 3022 revirescere
461 2957 567 3041 coepit,
592 2963 668 3022 tunc
690 2963 722 3022 et
738 2958 958 3023 Cistercienses
975 2960 1104 3023 reerecti
1119 2957 1261 3024 fuerunt.
1311 2961 1411 3028 Porro

258 3083 324 3126 aevo
340 3065 451 3126 nostro
467 3062 629 3126 abbatissa
645 3068 713 3128 erat
728 3063 760 3128 in
777 3061 956 3150 Heggbach
971 3064 1086 3128 mulier
1101 3064 1211 3148 utique
1226 3064 1384 3132 bonarum
1399 3067 1411 3103 ²

257 3165 411 3230 memoria
433 3166 538 3251 digna,
563 3166 648 3232 haud
670 3168 802 3232 dubium
825 3167 945 3232 femina
967 3173 1087 3246 sanctu,
1112 3167 1242 3233 domina
1263 3169 1411 3236 Elisabet

225 3329 228 3334 .
258 3269 414 3350 Krelin⁸,
444 3293 513 3354 quse
535 3293 699 3356 compassa
720 3273 826 3358 lapsui
848 3272 899 3339 sui
920 3274 1107 3338 monasterii
1129 3274 1216 3338 intra
1240 3295 1273 3339 se
1298 3277 1337 3340 de
1361 3299 1410 3340 rc·

258 3377 449 3440 formatione
464 3374 635 3459 cogitabat.
660 3381 693 3440 et
714 3377 790 3460 quia
812 3401 831 3441 a
852 3379 918 3444 suis
935 3380 1151 3462 superioribus
1173 3401 1237 3444 non
1256 3402 1408 3468 magnum

257 3481 451 3545 adiutorium
473 3480 512 3544 ad
536 3479 596 3544 hoc
618 3503 651 3544 se
674 3481 856 3546 babituram
872 3483 1041 3566 praescivit,
1065 3485 1132 3569 egit
1155 3489 1192 3548 ut
1206 3484 1321 3550 saltem
1345 3509 1407 3550 non

257 3591 446 3671 praestarent
460 3587 731 3670 impedimentum.
777 3585 939 3672 Virginali
960 3609 1036 3674 ergo
1059 3589 1229 3672 prudentia
1243 3611 1406 3655 accensam

256 3691 377 3756 habens
393 3691 570 3775 lampadem
593 3713 659 3756 rem
680 3691 775 3756 istam
792 3693 954 3778 ingeniose
977 3716 1032 3779 per
1055 3715 1088 3774 se
1111 3693 1266 3778 paulatim
1281 3693 1409 3760 induxit

257 3795 316 3860 tali
339 3795 504 3861 industria.
530 3799 640 3860 aestate
663 3796 796 3861 florente
819 3799 912 3862 iussit
934 3820 1040 3864 servos
1063 3821 1137 3864 suos
1160 3799 1250 3884 iungi
1278 3822 1406 3865 currum

257 3905 289 3966 et
317 3905 481 3986 tauquam·
502 3923 560 3986 pro
592 3899 706 3967 solatio
736 3907 910 3990 evagatum
942 3908 975 3968 et
1004 3903 1145 3969 thermas
1176 3903 1304 3970 aditura
1335 3927 1406 3970 cum

820 4011 838 4050 *

270 4065 272 4069 ’
329 4090 523 4161 lsigeuertus
542 4092 627 4146 wau.
647 4091 726 4148 eoru.
754 4095 795 4147 uc.
834 4093 990 4164 sigibertus
1017 4096 1091 4151 non.
1119 4097 1140 4149 ι.
1177 4093 1322 4164 sigibotto
1343 4095 1404 4150 su.

258 4179 299 4233 lll.
319 4179 409 4232 Schm.
446 4179 588 4248 Sigibotus
601 4197 621 4234 s.
641 4180 801 4238 cahaschr.
815 4199 868 4236 von
880 4181 1059 4237 Blaubeuren
1078 4200 1099 4236 s.
1114 4181 1172 4236 111.
1211 4182 1246 4235 Er
1259 4201 1319 4238 war
1330 4183 1407 4238 einer

255 4267 304 4321 der
324 4267 381 4321 drei
401 4266 505 4322 bruder
524 4267 681 4337 von-Rugg
706 4268 772 4334 oder
792 4268 881 4334 Ruct,
905 4269 1009 4324 welche
1034 4268 1085 4323 das
1103 4269 1210 4325 kloster
1228 4269 1405 4326 Blaubeureu

255 4354 393 4410 stilteten.
429 4352 472 4407 Ob
490 4353 616 4409 denselbe
643 4354 703 4410 hier
729 4355 854 4424 gemeint
877 4356 936 4410 ist?
1023 4355 1195 4413 2bonarum
1223 4357 1316 4414 haben
1339 4359 1404 4414 alle

256 4440 272 4494 3
292 4439 396 4494 Kerbin
416 4439 502 4494 Wibl.
539 4439 636 4496 Krelin
655 4442 745 4498 Schm.
765 4443 822 4497 und
840 4443 886 4498 die
904 4443 1020 4498 andern.
