3072 4936
668 352 730 418 los

118 529 174 594 diu
195 527 345 594 laborans
372 526 448 591 dum
476 526 559 617 nihil
589 527 820 602 emendationis
842 532 1077 612 assequeretur,
1102 535 1134 595 et
1164 531 1271 616 plnres

119 635 223 700 dicatae
246 632 403 698 nobilium
426 637 458 697 et
481 633 599 697 civium
621 630 856 697 celebrarentur
881 637 1011 717 propter
1026 635 1116 700 illam
1132 657 1270 715 cansam,

119 740 249 806 tandem
271 737 465 822 appellatum
490 737 552 801 fuit
574 738 613 802 ad
637 736 778 802 tribunal
802 739 935 818 caesaris,
961 739 1015 803 ubi
1031 763 1080 804 res
1095 739 1130 804 in
1145 745 1273 806 tantum

119 845 184 910 fuit
207 845 384 929 aggravata
407 846 439 908 et
461 843 616 907 cervicose
640 864 698 926 pro
720 848 856 928 utraque
878 848 969 927 parte
985 845 1149 928 proposita
1172 850 1204 910 et
1218 848 1272 910 de·

121 951 221 1028 fensa,
245 948 330 1033 quod
352 947 536 1031 imperator,
561 947 649 1012 omni
671 948 723 1011 via
745 949 823 1012 ioris
846 949 1033 1033 postposita,
1056 949 1202 1034 partibus
1222 951 1273 1014 in-

121 1057 205 1122 dixit
227 1055 389 1142 singulare
413 1052 548 1134 bellum,
577 1052 639 1118 hoc
661 1058 709 1118 est
730 1051 890 1132 duellum,
914 1057 946 1118 et
967 1053 1072 1119 locum
1095 1059 1127 1120 et
1149 1060 1274 1140 tempus

122 1159 309 1247 assignavit.
334 1162 426 1224 erant
448 1163 555 1223 autem
579 1181 635 1224 sex
655 1158 689 1223 in
712 1182 777 1224 una
804 1165 837 1225 et
858 1182 914 1225 sex
935 1161 969 1224 in
993 1161 1056 1225 alia
1077 1165 1169 1245 parte
1190 1161 1275 1226 inter

122 1289 203 1353 quos
226 1287 307 1330 unus
331 1263 571 1329 Remboldensis
594 1262 668 1328 fuit.
713 1256 774 1330 Sed
806 1265 856 1329 dic
886 1264 985 1330 duelli
1008 1269 1146 1345 statuto,
1174 1267 1276 1332 altera

120 1395 196 1459 pars
218 1371 252 1436 in
274 1371 344 1436 loco
367 1369 529 1452 assignato
552 1391 617 1433 non
639 1369 827 1454 comparuit,
850 1369 1003 1454 impedita
1026 1392 1083 1454 per
1098 1371 1273 1455 principem

122 1501 195 1544 cum
218 1475 389 1550 industria;
413 1475 520 1558 sicque
542 1495 599 1558 per
621 1479 758 1558 quatuor
781 1475 865 1540 vices
886 1475 920 1538 in
937 1496 1049 1558 campo
1065 1498 1129 1540 una
1149 1498 1276 1560 compa·
1305 1551 1309 1560 ι

122 1586 214 1649 rente
230 1585 321 1666 parte
337 1579 438 1646 altera
452 1577 563 1658 defuit,
587 1577 694 1664 aliquo
709 1579 940 1644 interveniente
959 1579 1185 1664 impedimento
1202 1603 1276 1664 pro-

123 1693 236 1754 curato
258 1708 314 1770 per
336 1685 475 1770 aliquem
495 1684 695 1750 industriose.
740 1667 963 1748 liibentissime
978 1685 1063 1749 enim
1079 1690 1184 1768 partes
1200 1708 1277 1750 con-

125 1793 296 1870 venissent,
320 1791 395 1875 quia
418 1789 597 1854 fremebant
619 1789 652 1852 in
667 1789 810 1854 invicem.
857 1790 907 1854 Ex
924 1788 983 1853 hae
1005 1789 1160 1854 discordia
1176 1791 1277 1855 disso-

125 1899 196 1964 luta
225 1896 288 1962 fuit
318 1899 388 1960 tote
419 1894 586 1960 harmonia
620 1893 784 1978 regiminis
815 1893 954 1959 civitatis
981 1894 1212 1980 baugingensis
1247 1901 1279 1961 et

125 2004 195 2088 ipse
219 2000 364 2066 Bavariae
387 2001 451 2064 dux
474 1999 600 2084 plenam
623 1997 744 2082 accepit
764 2001 954 2081 potestatem
977 2001 1012 2064 in
1032 2000 1124 2078 cives,
1148 2005 1181 2066 et
1202 2000 1279 2066 iecit

125 2131 198 2176 cum
230 2107 275 2172 eis
305 2106 388 2172 sicut
417 2105 526 2170 voluit.
572 2101 666 2168 Unde
692 2103 795 2166 maior
828 2125 901 2186 pars
932 2104 1068 2184 civium,
1104 2104 1279 2170 recollectis

126 2215 223 2280 rebus
245 2213 327 2291 suis,
362 2209 441 2276 alias
471 2210 533 2275 sibi
563 2209 766 2294 quaesierunt
789 2208 887 2272 sedes·
900 2209 932 2272 in
956 2210 1088 2274 diversis
1111 2210 1207 2290 locis,
1241 2211 1280 2275 de

127 2320 245 2404 quibus
269 2315 514 2382 Remboldenses
545 2315 675 2381 Ulmum
704 2314 739 2378 in
767 2311 999 2378 habitationem
1033 2314 1232 2400 elegerunt,
1249 2319 1281 2380 et

128 2424 236 2503 hodie,
260 2423 333 2488 licet
355 2421 464 2506 paucis
486 2419 669 2504 suppositis,
693 2418 738 2482 ibi
762 2418 912 2484 habitant
934 2418 968 2484 in
981 2418 1100 2484 honore
1116 2425 1148 2485 et
1163 2421 1279 2505 gloria.

128 2530 180 2594 Ex
203 2549 267 2613 quo
290 2530 394 2592 autem
418 2524 504 2590 facta
527 2527 575 2590 est
595 2523 716 2588 mentio
735 2524 773 2588 de
796 2524 925 2590 civitate
940 2523 1166 2610 Laugingcnsi,
1190 2526 1229 2590 de
1243 2547 1281 2591 ea
1401 2541 1410 2560 ·

127 2634 288 2700 modicum
309 2631 423 2716 placet.
436 2630 552 2708 dicere,
576 2651 645 2714 quae
668 2628 765 2692 nullis
789 2629 905 2696 litteris
928 2634 984 2694 aut
1007 2629 1189 2714 scripturis,
1225 2629 1279 2694 sed

128 2744 257 2806 tantum
279 2737 405 2822 vulgari
425 2735 578 2802 relatione
594 2733 708 2818 accepi.
754 2733 831 2802 Fuit
845 2735 933 2812 olim,
956 2737 994 2798 ut
1008 2733 1207 2818 praemissum
1223 2738 1282 2813 est,

128 2843 198 2909 haec
221 2841 333 2906 civitas
361 2826 534 2924 imperialis
566 2846 598 2905 et
628 2840 668 2904 ab
700 2841 891 2924 imperatore
921 2840 997 2904 data
1024 2844 1073 2904 est
1102 2839 1213 2904 abbati
1244 2841 1282 2906 de

130 2945 251 3022 Fulda;
274 2948 352 3028 puto
375 2949 482 3009 autem
505 2943 586 3009 hanc
608 2943 812 3010 donationem
834 2945 953 3010 factam
968 2965 1025 3027 per
1039 2943 1195 3010 Karolum
1216 2945 1282 3028 pri-

129 3073 237 3128 mum,
270 3049 352 3114 sicut
381 3054 414 3114 et
442 3049 525 3114 idem
548 3047 676 3113 Ulmam
705 3049 792 3113 dedit
814 3048 924 3114 abbati
947 3047 1045 3114 Ouiae
1067 3069 1209 3132 magna,
1245 3053 1283 3112 ut

130 3178 228 3240 supra
250 3155 369 3219 dictum
392 3159 448 3220 est.
496 3153 611 3220 Postea
633 3154 731 3219 abbas
753 3154 841 3218 dedit
863 3176 933 3218 eam
956 3153 1028 3217 duci
1046 3152 1198 3232 Baveriae,
1222 3153 1283 3218 sub

129 3263 220 3326 cuius
248 3263 405 3344 potestate
436 3259 531 3324 hodie
559 3260 668 3346 gemit.
721 3259 846 3324 Habuit
876 3263 982 3324 autem
1014 3259 1193 3343 antiquitus
1225 3259 1285 3324 hoc

74 3401 76 3404 ·
130 3366 282 3452 oppidum
307 3369 444 3450 quatuor
465 3364 721 3450 singularissimas
744 3387 781 3430 ex
804 3385 838 3430 se
861 3364 1026 3446 producta,
1050 3385 1113 3428 uno
1130 3368 1162 3428 et
1176 3363 1285 3444 eodem

130 3471 201 3538 loeo
224 3469 344 3555 genite.
390 3469 509 3536 Dicunt
532 3471 626 3550 enim,
649 3471 734 3555 quod
757 3470 791 3534 in
813 3469 901 3546 loco,
927 3467 981 3533 ubi
1005 3467 1070 3534 iam
1094 3473 1143 3534 cet
1165 3469 1287 3553 capella

131 3577 172 3642 ad
196 3598 306 3642 omnes
329 3580 472 3654 sanctos,
495 3574 593 3640 fuerit
615 3575 745 3654 domus,
777 3573 810 3638 in
834 3597 898 3659 qua
920 3565 983 3638 non
1007 3573 1103 3640 simul
1126 3577 1158 3638 et
1181 3573 1286 3652 semel,

131 3684 186 3750 sed
210 3681 383 3746 successive
405 3679 503 3746 fuerit
525 3685 620 3746 natus
644 3703 742 3766 equus
764 3681 867 3746 maior
890 3685 921 3746 et
941 3680 1167 3759 velocissimus,
1191 3679 1286 3744 homo

131 3811 190 3854 suo
213 3792 356 3870 tempore
377 3785 582 3866 fortissimus,
606 3786 655 3850 vir
677 3786 789 3852 deinde
813 3785 1061 3870 expertissimus,
1086 3786 1201 3851 mulier
1215 3807 1287 3870 spe·

132 3891 318 3960 ciosissima
363 3889 413 3957 De
428 3913 510 3976 equo
525 3891 644 3972 dicunt,
668 3892 752 3978 quod
770 3891 867 3956 fuerit
881 3913 1018 3977 magnus
1035 3896 1067 3956 et
1083 3891 1160 3956 odeo
1183 3890 1286 3969 velox,

132 3989 218 4085 quod
242 3997 332 4062 nulla
353 3995 456 4063 bestia
478 3998 609 4063 evadere
632 4018 724 4063 cursu
748 3997 788 4062 ab
812 4019 848 4061 eo
873 3996 995 4081 potuit,
1019 3996 1097 4061 adeo
1122 3977 1228 4081 agilis,
1252 3999 1289 4059 ut

134 4105 216 4168 latas
239 4102 347 4180 foveas
371 4103 583 4168 transvolaret
605 4107 637 4169 et
669 4125 726 4187 per
748 4125 875 4167 currum
907 4102 1035 4186 plenum
1058 4101 1145 4167 foeno
1169 4099 1288 4165 transi-

133 4209 217 4274 liret.
265 4205 466 4292 Suspicatum
489 4213 594 4273 autern
621 4208 681 4274 fuit
702 4210 736 4272 in
760 4207 862 4272 bestia
884 4207 1018 4292 maligni
1049 4208 1179 4292 spiritus
1214 4227 1289 4288 por·

133 4319 260 4381 tentmn
285 4337 368 4393 esse;
398 4315 481 4380 unde
510 4315 691 4380 submersus
721 4319 769 4380 est
798 4313 833 4376 in
860 4311 1019 4378 Danubio
1066 4309 1148 4375 Puto
1172 4330 1290 4393 equum

137 4421 229 4486 illum
253 4419 351 4484 fuisse
373 4419 411 4484 de
434 4441 548 4505 genere
565 4418 739 4504 bucephali
762 4419 834 4502 equi
852 4417 1024 4482 Alexandri
1041 4417 1161 4500 magui,
1187 4414 1235 4477 vel
1252 4413 1290 4477 de

1045 4535 1085 4590 71
