3034 4922
665 345 729 412 209

281 521 413 588 Audirit
435 543 560 586 rursum
583 520 712 606 angelos
734 523 909 604 querentes,
932 542 1029 605 quare
1052 520 1166 585 fleret?

204 645 255 682 ωδ
282 624 518 710 Responditque
542 625 626 709 quod
649 624 776 688 domino
799 623 925 688 sublato
947 625 992 689 sic
1012 625 1141 690 doleret.

281 731 323 794 Et
344 752 494 794 conversa
516 733 601 793 retro
623 751 656 793 se
678 728 758 792 vidit
780 727 889 793 Jesum
911 731 1060 811 stantem,

281 834 387 920 Atque
410 855 520 900 causas
543 835 592 899 sui
616 835 709 899 fletus
733 834 773 898 ab
796 833 866 917 ipsa
887 834 1109 899 sciscitantem.

281 941 358 1006 Esse
380 945 486 1004 tamen
512 939 716 1004 hortulanum
739 939 844 1022 ipsum
867 939 1037 1004 estimabat

282 1045 325 1110 Et
346 1047 385 1110 ad
408 1068 480 1110 eum
504 1046 611 1110 taliter
634 1044 739 1109 dicens
763 1043 963 1108 obsecrabat:

206 1171 257 1208 aa
286 1149 331 1215 »0
355 1151 490 1230 domine,
514 1150 541 1214 si
564 1149 728 1214 dominum
751 1171 856 1214 meum
878 1149 1069 1228 sustulisti,'

282 1255 350 1336 Dic,
374 1259 410 1320 ut
432 1277 491 1342 ego
514 1255 625 1320 tollam
648 1277 720 1320 eum
743 1254 796 1318 ubi
820 1255 992 1338 posuisti;‹

284 1360 385 1436 Quam
408 1359 484 1426 'Jesu
507 1381 621 1424 vocans
644 1361 772 1424 nomine
794 1359 894 1423 dixit:
920 1357 967 1424 »O
990 1359 1127 1424 Mariatr
1194 1371 1202 1382 ·

283 1465 359 1532 Mox
381 1464 465 1550 quod
488 1469 570 1529 esset
593 1464 737 1531 dominus
760 1487 798 1528 ex
820 1463 880 1528 hac
903 1487 979 1530 voce
1001 1467 1055 1550 pia

284 1569 385 1636 Novit
408 1575 503 1654 atque
526 1569 655 1654 propius
678 1570 789 1633 statim
811 1569 987 1649 accedebat,

209 1695 260 1734 ars
286 1674 324 1742 Se
346 1677 548 1760 prosternens
571 1697 645 1739 suos
668 1674 760 1758 pedes
783 1679 914 1759 tangere
936 1675 1071 1740 volebat.

286 1781 379 1847 Jesus
402 1781 448 1846 ait
470 1781 510 1844 ad
532 1801 620 1846 eam:
646 1780 718 1844 »Me
740 1783 872 1864 tangere
893 1781 1010 1844 nolito!

284 1885 442 1950 Nuntiate
464 1885 619 1950 fratribus
643 1885 720 1952 meis
744 1887 821 1950 vade
844 1887 916 1965 cito,

287 1991 412 2069 Dicens,
436 1993 519 2076 quod
543 1991 731 2056 surrexerim
754 2013 774 2055 a
797 1992 930 2056 mortuis
953 1994 985 2055 et
1007 2010 1084 2074 ergo

287 2094 339 2159 Ad
362 2099 484 2179 patrem
507 2117 612 2160 meum
635 2100 730 2180 atque
753 2099 891 2160 vestrum
916 2095 1009 2160 deum
1031 2116 1090 2180 ego
1114 2097 1249 2181 perget«

212 2217 262 2256 σιω
288 2199 347 2264 His
370 2199 462 2264 dictis
484 2222 558 2264 mox
580 2200 737 2283 disparuit
759 2197 860 2278 Jesus,
883 2203 915 2263 et
939 2199 1042 2264 Maria

289 2303 427 2368 Rursum
450 2304 488 2368 ad
512 2303 681 2386 discipulos
704 2325 842 2382 currens,
866 2304 976 2368 sedin
1000 2305 1052 2368 via

289 2407 462 2474 Redierunt
484 2407 524 2470 ad
546 2405 682 2470 Marium
704 2405 820 2470 femine
843 2408 973 2491 priores,

287 2513 345 2578 Ille
367 2514 427 2578 due
450 2511 550 2576 Maris
572 2511 706 2594 virginis
729 2533 861 2589 sorores,

289 2617 332 2682 Et
353 2616 512 2694 Johanna,
535 2615 638 2681 Chure
661 2639 750 2696 uxor,
774 2639 810 2681 ac
832 2617 952 2701 relique
974 2621 1117 2683 matrone

212 2741 263 2779 σιω
290 2722 356 2799 Que
378 2725 533 2786 venerunt
555 2721 745 2805 perscrutari
768 2723 806 2786 de
828 2723 1064 2788 resurrectione.

291 2827 358 2893 lilis
380 2834 457 2893 tuno
479 2828 582 2892 Maria
605 2827 695 2906 dixit,
719 2829 803 2912 quod
826 2829 988 2892 dominum
1012 2828 1140 2892 vidisset

290 2933 371 2998 Eam
393 2955 519 3019 quoque
541 2933 689 2998 nuntiare
711 2933 874 3018 discipulis
896 2933 1043 2998 misisset.

292 3037 387 3104 Suam
411 3038 672 3103 resurrectionem
694 3039 778 3124 quod
802 3061 873 3102 oum
896 3039 1095 3116 audiverunt,

292 3143 371 3208 Cum
394 3142 496 3208 Maria
518 3166 575 3228 per
597 3145 681 3208 viam
703 3146 877 3228 gaudentes
900 3145 1070 3209 redierunt.

141 3441 242 3528 Quod
269 3443 440 3516 dominus
467 3443 606 3514 iterum
628 3441 804 3538 apparuit
822 3441 940 3514 Maris
955 3441 1175 3547 Magdalene
1197 3461 1282 3513 cum

549 3567 683 3638 ceteris
712 3565 872 3638 feminis.

218 3795 268 3832 ruo
296 3773 434 3840 Rursum
458 3773 509 3839 his
532 3775 680 3859 apparuit
702 3772 795 3839 Jesus
818 3773 852 3838 in
875 3773 935 3838 hac
957 3773 1027 3850 νίας

297 3875 454 3945 ›Arctet‹
480 3879 562 3943 dixit
585 3880 748 3942 universas
770 3879 914 3942 salutans
938 3900 1012 3942 voce
1034 3877 1096 3961 pia.

295 3985 362 4061 Qua
384 3990 495 4048 cuncte
517 3985 586 4048 viso
609 3984 735 4050 domiuo
759 3988 965 4068 prosternunt
987 4005 1020 4048 se
1041 3981 1223 4068 gaudentes,

296 4087 441 4152 Adurunt
464 4111 537 4152 suos
560 4087 730 4178 osculando
753 4087 846 4172 pedes
869 4087 1120 4170 complectentes.

297 4191 385 4258 Tunc
408 4192 453 4258 ait
475 4193 538 4258 illis
561 4193 725 4258 dominus:
753 4191 913 4258 »Metusre
936 4193 1044 4268 nolite,

223 4315 273 4351 «Μ
300 4295 359 4363 Sed
382 4297 445 4362 iam
469 4297 546 4362 meis
569 4297 722 4362 fratribus
745 4298 929 4362 nuntiantes
952 4297 1007 4374 ite,

303 4399 345 4466 Ut
366 4403 427 4486 ipsi
451 4402 569 4468 vadant
591 4402 684 4466 citius
705 4402 737 4466 in
761 4405 881 4466 terram
904 4399 1069 4476 Galileam,

188 4519 244 4562 vlu
259 4519 329 4562 unt·
1048 4502 1079 4556 14
