3072 4936
685 368 747 434 153

139 541 326 627 trausspicit
349 547 382 608 et
405 542 544 631 undique
565 542 660 628 louge
682 547 715 608 et
736 543 801 608 late
825 565 895 628 qnae
911 547 1022 629 procul
1044 551 1119 612 suut
1138 549 1292 629 intuetur,

137 647 216 712 olim
232 647 359 732 quidem
374 646 589 713 abominabile
604 649 726 729 fanuru,
750 649 876 714 demum
898 650 1040 716 terribile
1056 658 1204 734 castrum,
1228 655 1293 719 iam

138 775 216 820 vero
237 754 344 838 gratia
366 751 428 818 Dei
449 753 636 819 honorabile
665 758 698 819 et
726 754 864 820 amabile
891 759 940 820 est
961 759 1197 824 monasterium.
1244 761 1292 825 De

137 879 203 944 quo
225 857 267 924 ab
290 858 419 924 exordio
441 857 621 943 incipiendo
644 881 698 924 sex
721 860 852 925 dicenda
875 860 1021 926 veniunt:
1044 862 1164 946 primo,
1189 864 1292 948 qualis

137 965 183 1029 eit
205 964 273 1029 eius
296 963 453 1029 naturalis
475 965 566 1030 situs.
611 964 758 1044 secundo,
783 965 854 1050 quis
877 964 954 1030 olim
977 966 1011 1032 in
1034 989 1070 1031 eo
1092 966 1192 1034 fuerit
1214 991 1292 1054 gen-

140 1069 210 1135 tilia
233 1069 322 1135 ritus.
362 1071 469 1150 tertio,
492 1074 631 1155 quantus
653 1069 700 1134 ibi
715 1069 814 1135 fuerit
834 1069 985 1136 secularis
1001 1071 1127 1138 abusus.
1167 1080 1293 1158 quarto,

137 1175 266 1262 quando
288 1179 321 1240 et
342 1197 400 1259 per
422 1197 501 1260 quos
524 1175 689 1240 ordinatus
716 1176 760 1240 sit
790 1175 836 1240 ibi
859 1175 985 1241 divinus
1008 1177 1122 1243 cultus.
1168 1181 1292 1264 quinto,

137 1281 298 1366 quomodo
314 1281 441 1347 tandem
461 1281 507 1345 ihi
528 1281 678 1346 defecerit
693 1280 857 1366 religionis
873 1286 986 1347 status.
1032 1288 1132 1364 sexto,
1156 1283 1293 1368 qualiter

136 1387 183 1452 ibi
207 1387 271 1451 iam
293 1387 401 1473 vigeat
422 1385 620 1452 inexhaustae
644 1385 810 1472 religionis
833 1387 973 1452 famosus
997 1394 1180 1454 conventus.

227 1491 334 1557 Primo
356 1491 492 1556 videndo
514 1490 576 1556 loci
598 1491 686 1556 illius
702 1491 882 1556 naturalem
898 1492 1005 1572 situm,
1029 1499 1157 1577 oportet
1175 1495 1293 1560 habere

136 1601 317 1682 respectum
349 1595 390 1660 ad
417 1616 532 1660 nomen
564 1595 645 1674 loci,
672 1595 757 1680 qnod
788 1595 822 1660 in
855 1619 913 1661 sua
939 1597 1202 1683 interpretatione
1231 1601 1292 1666 loci

139 1703 331 1790 qualitatem
346 1701 554 1766 demonstrat.
591 1699 718 1766 Dicitur
731 1701 815 1766 enim
827 1701 1018 1787 Ellchingen,
1035 1703 1085 1767 vel
1101 1703 1293 1790 Eichliugen

138 1811 196 1874 ant
219 1805 455 1891 Eicbhlingen,
487 1829 558 1890 quse
580 1806 710 1871 nomina
739 1807 847 1872 omnia
868 1809 1070 1892 reperiuntur
1091 1815 1124 1876 et
1147 1811 1186 1875 ad
1209 1811 1293 1876 idem

137 1913 283 1988 tendunt,
310 1917 343 1978 et
364 1933 434 1977 meo
458 1911 564 1976 videre
587 1911 736 1977 ultimum
759 1912 974 1999 Eichhliugen
996 1913 1060 1978 fuit
1082 1915 1236 1999 primum,
1260 1920 1293 1980 et

139 2017 312 2083 secundum
327 2016 392 2082 suit
408 2017 610 2103 Eichlingeu,
626 2023 659 2082 et
674 2019 812 2102 primum
825 2017 1004 2106 Ellchingeu
1018 2020 1082 2084 fuit
1090 2021 1292 2105 corruptione

137 2123 395 2190 obtruncatione
424 2122 513 2208 vulgi
541 2122 725 2206 impositum
757 2128 789 2188 et
816 2124 879 2188 iam
908 2128 957 2189 est
984 2124 1098 2189 ultimo
1125 2125 1290 2191 usitatum.

137 2227 223 2294 Nam
247 2227 461 2313 Eichklingeu
486 2228 618 2314 vulgare
633 2229 852 2294 theutonicum
869 2234 919 2294 est
933 2231 1144 2313 compositum
1159 2252 1198 2295 ex
1213 2231 1344 2328 ‘¹¹¹⁰'r‘l‘'

135 2336 196 2402 bus
218 2333 401 2400 nominibus
431 2333 501 2398 eieh
533 2338 566 2399 et
587 2333 735 2419 hlingen,
768 2334 946 2420 diciturque
975 2357 1148 2420 quercuum
1169 2357 1291 2416 nemus,

136 2441 216 2528 quia
236 2461 371 2526 quercus
398 2437 482 2518 eich,
513 2460 624 2504 nemus
652 2438 753 2525 kling.
800 2441 884 2505 unde
916 2463 954 2504 ex
985 2441 1079 2505 certis
1102 2441 1290 2506 coniecturis

137 2545 337 2632 colligimus,
373 2549 447 2609 ante
478 2565 605 2609 omnem
637 2543 802 2609 hominum
831 2545 863 2608 in
892 2545 962 2610 loco
989 2545 1222 2610 habitationem
1244 2545 1290 2610 ibi

135 2652 236 2718 fuisse
258 2651 291 2715 in
314 2649 500 2714 monteillo
524 2653 556 2713 et
571 2649 708 2714 vallibus
731 2671 905 2735 quercuum
926 2649 1081 2716 horribile
1101 2673 1226 2731 nemus,
1258 2655 1291 2716 et

136 2761 279 2823 montem
303 2754 424 2820 dictum
446 2753 672 2839 Eichklingen.
719 2751 897 2822 Secundum
920 2777 1037 2821 nomen
1060 2755 1100 2820 ad
1115 2754 1198 2820 idem
1223 2777 1290 2820 ser-

135 2861 194 2941 vit,
218 2861 269 2925 eui
293 2859 408 2944 vulgus
439 2881 535 2923 unam
558 2859 684 2924 literam
707 2859 862 2939 detraxit,
891 2864 924 2924 et
946 2859 1063 2925 dicitur
1085 2859 1289 2945 Eiohlingen,

137 2966 231 3052 quasi
255 2987 428 3050 quercuum
451 2967 484 3030 et
506 2963 613 3028 ilicum
637 2965 732 3029 locus.
779 2963 923 3028 Tertium
939 2985 1064 3044 nomen,
1090 2965 1172 3048 quod
1196 2963 1290 3030 hodie

136 3071 245 3150 habet,
267 3071 412 3135 iunctum
427 3069 550 3134 duobus
565 3069 815 3153 praecedentibus
838 3069 975 3154 primam
990 3069 1053 3134 loci
1068 3069 1290 3136 habitudinem

135 3178 291 3262 importat
303 3177 336 3240 et
350 3175 476 3240 demum
492 3173 780 3240 vetustissimorum
795 3178 828 3239 et
842 3174 937 3258 primi
954 3174 1105 3258 temporis
1121 3173 1288 3240 homiuum

37 3339 42 3344 .
135 3285 168 3348 in
193 3283 264 3348 loco
279 3279 496 3365 operationem
512 3279 718 3345 demonstrat.
765 3277 816 3344 Ex
831 3301 894 3364 quo
919 3279 1003 3344 enim
1019 3279 1163 3344 conditor
1180 3279 1384 3378 mundimepg

136 3389 184 3456 ibi
199 3387 339 3473 primum
354 3385 514 3471 plantavit
528 3405 639 3450 nemos
656 3405 838 3469 quercuum,
855 3384 950 3468 primi
966 3383 1118 3468 temporis
1134 3381 1290 3471 homines,

136 3513 274 3581 quorum
289 3490 378 3558 cibus
393 3489 524 3576 glandes
540 3494 640 3568 erant,
658 3494 694 3554 ut
710 3488 787 3554 dicit
801 3487 941 3553 Isidorus
957 3487 1041 3553 libro
1055 3489 1096 3552 14
1107 3488 1289 3575 etymolog..

138 3607 172 3668 et
194 3603 288 3685 poeta
310 3595 434 3682 inquit:
461 3593 632 3660 »Mortales
662 3593 757 3679 primi
780 3593 950 3659 ructabant
972 3597 1103 3681 gutture
1126 3593 1289 3679 glandes«,

134 3709 170 3772 in
193 3706 254 3770 hoc
277 3702 447 3768 veniebant
475 3722 603 3779 nemus,
634 3705 667 3764 et
698 3700 830 3787 glandes
862 3699 902 3764 ad
933 3697 1087 3784 placitum
1117 3697 1289 3784 eligebant,

133 3812 220 3899 quod
251 3809 335 3874 forte
367 3811 481 3893 praeter
512 3805 722 3872 intentionem
752 3804 841 3890 vulgi
872 3804 932 3870 hoc
961 3825 1075 3870 nomen
1110 3803 1290 3888 Elchingen

133 3919 310 4001 importare
333 3913 469 3991 ridetur,
492 3911 577 3996 quod
599 3910 640 3976 ab
663 3909 809 3996 eligendo
824 3908 1010 3994 impositum
1029 3913 1132 3977 sonat.
1178 3907 1238 3974 Vel
1261 3909 1289 3974 si

134 4023 294 4089 malumus
317 4018 499 4085 hebraicam
521 4016 818 4102 interpretationem
840 4016 945 4100 sequi,
974 4014 1146 4080 secundum
1173 4013 1288 4079 Hiero·

133 4147 266 4214 nymum
290 4121 418 4190 Elchim
439 4123 522 4188 idem
538 4125 594 4188 'est
622 4123 706 4207 quod
735 4144 929 4208 consurgens
960 4121 1000 4188 ad
1022 4121 1142 4202 Deum,
1174 4125 1207 4186 et
1229 4121 1289 4186 Dei

135 4229 309 4318 possessior
340 4229 385 4294 sic
406 4249 498 4294 mons
520 4227 701 4315 Elchingen
723 4229 890 4316 consurgit
912 4228 951 4293 ad
975 4227 1079 4294 Deum
1102 4231 1138 4292 ut
1161 4248 1232 4291 eum
1254 4227 1288 4290 in

134 4361 227 4404 suum
243 4335 377 4422 recipiat
391 4355 612 4420 possessorem.
659 4333 719 4400 no
734 4355 811 4420 ergo
828 4331 1008 4419 Elchingeu
1024 4335 1080 4398 aut
1095 4329 1288 4416 Eichlingen

136 4463 250 4510 nomen
267 4441 397 4522 montis,
414 4439 469 4526 qui
484 4461 575 4506 mone
592 4443 640 4504 est
655 4439 838 4528 singularis,
856 4438 994 4524 undique
1006 4437 1142 4504 vallibus
1155 4435 1290 4503 circum·
