3072 4936
704 372 766 443 113

159 550 255 618 haesit
278 549 402 618 familia
423 549 492 618 baec
506 551 668 618 nobilibus
690 553 729 618 de
743 552 896 620 Stadiona
917 555 950 619 et
972 551 1043 618 aliis
1065 533 1219 621 inarmis
1242 575 1308 620 ser·

159 657 257 738 siens,
281 662 313 722 et
333 657 482 742 posthoc
503 659 537 722 in
553 658 652 724 vitam
668 657 904 724 civitatensium
927 659 1088 746 migravit,
1112 659 1146 724 in
1168 681 1232 745 qua
1254 683 1308 725 us-

158 785 220 848 que
242 761 336 828 hodie
359 763 448 848 degit
470 785 622 848 prospera
645 767 677 828 et
699 762 785 829 felix.

246 866 306 932 flae
334 872 410 933 sunt
431 873 600 953 praesentes
631 869 825 955 genealogiae
855 868 972 934 civium
994 867 1197 934 Ulmensium
1218 869 1308 935 tertii

157 973 290 1051 ordinis,
313 995 449 1057 quarum
472 973 587 1058 aliquae
610 975 704 1039 dese
727 975 767 1039 ab
791 974 924 1059 antiquo
947 980 1023 1039 sunt
1038 974 1171 1055 nobiles,
1194 975 1309 1059 aliquae

157 1100 234 1144 vero
256 1099 295 1142 ex
317 1077 362 1143 eis
385 1077 571 1144 nobilitatae.
617 1077 733 1145 Fateor
755 1079 839 1144 anim
863 1101 958 1144 unam
981 1077 1137 1145 familiam
1160 1080 1223 1144 alia
1243 1101 1309 1146 esse

156 1182 348 1248 nobiliorem
370 1187 403 1248 et
419 1182 641 1267 antiquiorem,
665 1185 718 1250 sed
742 1185 804 1250 mei
826 1184 906 1250 iuris
928 1206 992 1248 non
1015 1189 1063 1250 est
1085 1184 1146 1250 hoc
1168 1185 1308 1251 definire.

157 1287 259 1354 Porro
291 1286 324 1352 in
346 1287 407 1353 hac
429 1288 609 1354 conditione
631 1311 740 1356 omnes
769 1287 1010 1374 praenominatae
1041 1288 1172 1354 familiae
1195 1311 1309 1355 conve·

156 1391 268 1473 niunt,
296 1392 379 1478 quod
403 1415 516 1470 exea,
540 1415 734 1479 quaecunque
757 1394 800 1459 sit
821 1392 894 1472 illa,
928 1397 1034 1477 potest
1056 1393 1134 1479 eligi
1155 1394 1310 1480 magister

159 1497 278 1562 civium
301 1498 329 1562 si
350 1497 498 1563 inventus
520 1497 619 1563 fuerit
642 1499 690 1564 vir
713 1498 865 1583 prudens,
888 1497 1037 1581 pacificus
1061 1503 1093 1562 et
1115 1499 1228 1580 bonus,
1252 1523 1309 1565 nec

158 1603 296 1668 subsunt
318 1602 481 1688 magistris
503 1603 701 1683 eunitarum,
735 1608 768 1669 et
787 1602 882 1668 certis
904 1625 969 1687 pree
991 1602 1064 1668 aliis
1085 1603 1308 1690 praerogativis

156 1707 300 1795 gaudent
334 1713 371 1774 ut
393 1731 430 1772 ex
462 1708 678 1792 superioribus
712 1708 826 1773 diffissa
847 1712 952 1792 patet,
985 1729 1044 1774 nec
1076 1729 1143 1773 esse
1175 1715 1309 1794 possunt

77 1817 92 1836 ‘
157 1812 308 1898 magistri
330 1811 520 1877 nmftarum.
566 1813 611 1878 Et
632 1817 759 1879 tantum
782 1813 820 1878 de
841 1812 916 1877 illis.

676 2107 743 2179 (lap.
762 2112 786 2163 4.

474 2257 580 2324 Ordo
601 2259 762 2324 civium
786 2258 994 2343 quartus¹.

247 2423 385 2502 Quartus
400 2426 477 2491 ordo
492 2424 610 2491 civium
632 2424 772 2491 civitatis
792 2425 943 2491 ulmensis
968 2430 1093 2492 constat
1116 2449 1155 2492 ex
1169 2426 1309 2494 honora·

156 2529 278 2596 bilibus
301 2535 333 2595 et
355 2529 496 2615 antiquis
518 2528 660 2608 familiis,
683 2529 718 2594 in
740 2552 804 2616 qno
826 2530 937 2596 ordine
952 2536 1027 2597 sunt
1048 2531 1156 2616 plures
1178 2532 1308 2598 familie

156 2657 249 2721 mque
271 2635 393 2700 nobiles
415 2640 453 2701 ut
471 2633 602 2719 priores,
626 2633 740 2721 aliquae
763 2635 935 2702 nobiliores
958 2635 1118 2721 aliquibus
1140 2639 1310 2723 praenomi-

161 2739 249 2806 natis
278 2740 313 2806 in
341 2739 438 2805 tertio
465 2739 593 2820 ordine,
624 2739 707 2806 sicut
737 2742 833 2806 etiam
863 2763 952 2826 aeque
972 2743 1162 2825 prudentes,
1196 2744 1309 2810 divites

159 2845 332 2931 felicesque
362 2845 396 2910 in
420 2867 457 2910 ao
480 2846 589 2912 ordine
612 2845 822 2930 reperiuntur.
867 2843 905 2910 In
936 2846 997 2911 hoc
1025 2849 1132 2912 tamen
1156 2847 1309 2914 differunt

160 2975 181 3017 a
196 2951 310 3032 tertiis,
334 2951 410 3036 quia
424 2949 579 3016 annuales
595 2955 679 3030 sunt,
702 2973 760 3016 neo
775 2950 951 3036 privilegiis
974 2952 1142 3017 tertiorum
1157 2955 1308 3038 gaudent,

157 3057 227 3122 sint
236 3061 515 3142 quantumcunque
524 3055 654 3135 nobiles,
663 3055 843 3140 prudentes,
853 3055 977 3136 divites,
989 3056 1131 3122 favorem
1142 3057 1308 3124 bominum

157 3161 323 3228 habentes.
370 3161 414 3226 Et
444 3159 589 3246 quamvis
611 3160 758 3246 magistri
787 3159 905 3226 civium
926 3161 1117 3246 regulariter
1148 3163 1218 3228 fieri
1241 3185 1304 3229 non

158 3267 294 3352 possint,
318 3287 390 3331 cum
412 3265 478 3331 sint
493 3265 659 3344 zunftales,
684 3266 723 3331 ad
746 3265 853 3330 omnia
876 3271 982 3330 tamen
998 3265 1126 3350 publica
1147 3267 1307 3333 honorum

159 3371 268 3438 officia
291 3375 512 3450 assumuntur,
536 3375 732 3456 possuntque
755 3392 821 3436 esse
843 3369 1026 3435 zunftarum
1046 3370 1211 3456 magistri,
1234 3393 1309 3436 con·

163 3477 259 3556 sulse,
282 3477 415 3554 indices,
446 3475 605 3540 datiarum
632 3480 665 3540 et
687 3497 836 3541 censuum
859 3476 1075 3542 communium
1104 3477 1308 3542 ratiocinato-

157 3579 256 3660 res¹,
279 3582 489 3646 comitatuum
517 3585 549 3646 et
571 3581 782 3646 dominiorum
805 3582 963 3666 prefecti,
986 3582 1144 3661 unitores,
1168 3581 1309 3666 quintini

163 3691 198 3752 et
213 3707 341 3770 operum
365 3685 504 3752 civitatis
526 3685 783 3751 architectores⁸.
829 3685 877 3752 De
900 3686 961 3752 hoc
982 3686 1092 3752 ordine
1114 3691 1190 3751 sunt
1204 3687 1310 3772 plures

158 3790 292 3860 familiae
322 3813 380 3856 nec
402 3791 584 3858 mercantiis
606 3813 664 3858 neo
685 3791 875 3858 mechanicis
902 3795 1069 3872 vacantes,
1100 3791 1154 3857 sed
1184 3796 1221 3856 ut
1243 3792 1309 3858 veri

727 3931 743 3968 ss

233 4029 243 4082 1
266 4025 306 4081 Da
323 4024 534 4082 honorabilibus
553 4027 581 4080 et
594 4023 726 4082 modestis
738 4026 845 4081 civibus
856 4023 1044 4081 Vlmsnalbus.
1082 4024 1143 4081 Von
1159 4023 1208 4080 der
1221 4027 1309 4094 guten

158 4115 278 4186 gemela.
315 4113 397 4178 Gela,
424 4113 496 4167 dean
516 4129 561 4167 arn
580 4112 681 4168 rande:
706 4111 745 4166 IV
772 4113 839 4170 ordo
858 4113 910 4169 civ.
931 4113 996 4167 Ulm
1040 4111 1098 4166 NB.
1118 4111 1169 4166 Dis
1187 4129 1241 4167 von
1260 4111 1309 4166 der

159 4199 316 4262 erbarlreit,
335 4203 402 4256 oder
420 4199 519 4256 orbare
536 4201 725 4270 gesoblechter
748 4205 814 4256 sunt
834 4200 947 4256 Patricii
972 4199 1040 4256 (ἰοὶ.
1060 4203 1144 4255 unter
1161 4199 1225 4254 dam
1244 4197 1309 4254 titel

157 4289 197 4344 im
211 4291 280 4344 text.
311 4287 419 4344 Ebeuso
432 4287 512 4352 Beer..
531 4289 647 4343 welcber
660 4288 783 4358 beilugt:
798 4289 832 4344 de
845 4306 900 4360 qno
909 4288 995 4344 titulo
1007 4287 1120 4356 fusaegi
1133 4287 1162 4340 in
1176 4301 1309 4342 msomsc.

160 4379 177 4434 2
196 4377 380 4442 Stawrberrn,
400 4375 595 4432 Stattracbner
613 4375 686 4432 Besa.
704 4395 751 4432 am
770 4377 866 4432 raude.
942 4377 959 4432 8
983 4375 1150 4431 Bawherreu
1171 4373 1243 4429 Besa.
1261 4391 1308 4428 am

157 4466 253 4522 rande
