3034 4922
658 385 720 458 207

280 567 381 650 »Quid
403 567 501 635 vultis
524 567 588 649 hic,
611 591 651 634 au
675 567 808 654 queritis
832 589 903 634 cum
925 566 1059 634 mortuis
1082 564 1265 634 viventem?

196 697 250 736 ⁶1¹⁶
275 676 349 744 Non
372 681 420 741 est
442 675 511 754 hic;
535 675 673 752 surrexit
695 675 789 755 enim,
812 679 849 739 ut
870 675 974 759 ipsum
997 673 1209 759 predicantem

274 781 450 847 Audivistin
472 779 595 864 sepius;
619 780 748 860 sedite,
772 779 917 844 nuntiate

276 885 458 970 Discipulis,
482 885 567 970 quod
590 884 737 950 dominus
760 883 907 964 surrexit,
931 883 1106 948 indicaret«

279 992 439 1058 Exeuntes
462 997 701 1055 monumentum
725 989 782 1054 hec
805 989 868 1054 cito
891 993 1107 1067 cucurrerunt,

277 1095 367 1172 Quod
384 1093 528 1160 vsurrexit
551 1093 707 1173 domiuus,
731 1092 895 1177 discipulis
917 1093 1075 1158 dixerunt.
1176 1141 1184 1154 .

124 1395 232 1480 Quod
246 1396 271 1468 J
273 1395 356 1468 udei
372 1393 556 1467 dederunt
575 1392 771 1488 pecuniam
791 1391 1018 1482 custodibus,
1042 1396 1088 1464 ut
1104 1393 1270 1466 dicerent

443 1539 576 1611 corpus
603 1515 741 1588 Christi
768 1515 948 1588 furatum.

203 1747 255 1786 uro
280 1725 341 1792 Sed
363 1726 508 1791 custodes
530 1725 727 1790 monumenti
748 1723 926 1790 Jerusalem
947 1725 1121 1806 intrabant,

281 1829 479 1915 Omniaque
503 1831 648 1897 viderant
669 1827 780 1895 Judeis
803 1831 1005 1908 enarrabant,

284 1935 344 2012 Qui
366 1935 447 2001 inito
469 1935 601 2000 consilio
623 1933 807 2000 custodibus
830 1934 984 2000 dederunt

283 2039 458 2106 Plurimum
481 2041 645 2126 pecuniam
669 2043 701 2105 et
722 2039 808 2124 ipsos
831 2043 1035 2126 rogaverunt,

258 2195 262 2204 .
284 2143 330 2212 Ut
352 2147 398 2212 eis
420 2145 650 2211 dormientibus
672 2145 812 2211 dicerent
834 2146 995 2211 sublatum

206 2267 257 2306 ⁸12⁵
284 2249 405 2336 Corpus
427 2249 514 2331 Jesu,
537 2251 621 2336 quod
644 2250 688 2316 sic
711 2255 759 2316 est
781 2251 935 2336 posthoc
957 2251 1167 2337 divulgatum.

284 2353 402 2421 'lamen
426 2355 472 2421 rei
496 2355 612 2420 veritas
634 2353 774 2420 Pilatum
797 2378 862 2422 non
884 2357 1015 2437 latebat,

284 2459 368 2527 Nam
390 2461 510 2526 factum
534 2453 743 2526 referentibus
766 2461 949 2527 custodibus
972 2461 1107 2540 sciebat3

285 2563 331 2631 De
353 2563 431 2632 Jesu
453 2567 508 2652 qui
530 2566 569 2631 ad
592 2564 738 2632 cesarem
760 2555 925 2652 epistolam
949 2567 1118 2650 scribebat,
1171 2585 1178 2596 '

285 2668 410 2752 Omnia,
434 2693 495 2756 que
517 2673 636 2736 lecerat
659 2669 815 2752 Christus,
837 2672 1006 2737 inserebat.
1110 2651 1113 2664 ¹

135 2985 235 3072 Quod
261 2987 371 3064 Jesus
397 2987 518 3085 primo
545 2989 722 3084 apparuit
748 2987 863 3062 matri
890 3011 955 3063 sue
982 2987 1100 3063 Maris
1126 2987 1274 3084 virgini.

214 3219 265 3256 aar
292 3197 385 3265 Jesus
408 3219 493 3278 vero,
515 3220 587 3264 cum
609 3199 757 3279 surrexit,
779 3198 881 3283 primo
904 3219 959 3264 sue
981 3199 1033 3284 pie

289 3305 473 3391 Apparebat
494 3305 651 3392 genitrici,
675 3305 855 3370 dulcissime
877 3303 997 3377 Marie;

287 3409 393 3496 Ipsam
415 3411 497 3476 sicut
519 3411 624 3476 decuit
645 3410 783 3497 benigne
805 3409 995 3486 consolatur,

293 3515 412 3602 Corpus
434 3537 526 3582 suum
550 3515 724 3581 redivivum
746 3515 815 3581 lore
837 3515 1025 3594 testabatur,

289 3621 378 3700 Quod
402 3621 442 3686 ab
465 3622 535 3713 ipsa
556 3627 734 3706 sumpserat
757 3626 789 3686 et
810 3619 871 3686 hoc
893 3619 1107 3707 glorificatum

217 3743 265 3783 ⁸¹³⁶
291 3725 463 3813 Nunquam
484 3728 570 3792 ultra
592 3727 800 3804 moriturum
821 3727 874 3791 sed
897 3747 968 3791 cum
992 3724 1214 3791 resuscitatum

290 3829 392 3896 Maria
414 3853 507 3896 suum
529 3831 631 3897 filium
655 3831 782 3896 unicum
804 3831 952 3916 respexit,

291 3935 333 4001 Et
354 3938 457 4022 ipsum
481 3937 550 4003 iore
572 3959 703 4022 corpore
724 3937 831 4002 vivum
854 3937 1021 4016 intellexit,

290 4039 385 4108 Ultra
409 4065 503 4128 quam
525 4043 649 4107 narrari
673 4047 778 4128 posset
800 4041 941 4127 gaudeus
964 4041 1138 4122 exultabat,

292 4145 334 4211 nt
357 4147 492 4212 adorans
513 4147 615 4213 filium
638 4149 746 4213 laudes
768 4147 826 4212 deo
849 4147 955 4212 dabat.

219 4265 267 4306 ⁸¹⁴⁰
293 4249 521 4338 Tantoquoque
543 4253 660 4338 gaudio
683 4253 785 4317 cordis
808 4251 977 4332 letabatur,

293 4355 419 4423 Doloria
442 4359 525 4443 quod
548 4345 692 4444 preteriti
714 4358 761 4423 nil
785 4357 1018 4426 recordabatur.
