3026 4934
8 499 9 502 ‘
126 527 210 596 ouon
229 527 304 585 num
321 527 471 601 rumpitur
490 548 507 586 a
525 533 607 602 „tre
624 533 655 588 0
672 533 776 606 spiriru
793 535 890 591 anm
906 533 967 591 00.

129 615 210 682 Quod
227 616 302 672 illius
320 617 434 687 rogavit
452 617 583 690 spiritum
602 625 731 677 sanctum
750 622 829 678 mitti
846 623 877 678 in
896 625 1032 680 mundum
1052 627 1111 682 218.

129 703 172 759 De
188 703 317 760 adventu
333 705 452 776 spiritus
469 707 561 762 sancti
579 708 639 764 218.

130 789 173 847 De
190 793 270 848 statu
287 791 346 848 rite
365 793 485 864 virginis
504 795 593 851 lisrle
607 799 675 866 post
693 798 881 872 ”censionem
900 799 951 853 filii
970 800 1013 854 sni
1031 801 1092 856 210.

130 878 172 934 De
189 879 353 950 eloquentis
371 880 490 952 virginis
510 881 597 938 liaris
613 885 674 940 219.

129 966 209 1033 0000
228 968 324 1040 angeli
342 967 506 1040 frequenter
521 969 681 1028 visitabam
699 973 818 1029 Uariam
836 975 896 1030 220.

130 1055 171 1110 De
189 1055 296 1110 vestitu
315 1055 433 1127 virginis
452 1056 540 1114 liaris
555 1059 618 1114 220.

130 1141 173 1198 De
190 1143 311 1200 cantate
329 1149 359 1200 et
376 1144 505 1203 bonitate
522 1146 641 1218 virginis
660 1147 748 1204 lieris
766 1151 826 1206 221,

132 1231 189 1286 Ubi
206 1231 299 1287 laria
319 1231 398 1302 virgo
417 1234 552 1290 manserit
569 1237 635 1306 post
653 1236 841 1294 ascensionem
860 1239 912 1294 filii
929 1240 974 1295 sui
993 1241 1051 1296 221.

131 1317 209 1384 Quod
230 1317 322 1375 liaris
340 1319 421 1391 virgo
437 1321 516 1377 misit
528 1322 685 1379 Johaunsm
703 1325 908 1394 evangelistam
928 1327 964 1382 ad
983 1327 1184 1399 predicandum
1203 1331 1263 1385 222.

130 1405 210 1472 0000
221 1407 362 1464 Jolrannes
375 1407 480 1464 locavit
491 1409 611 1464 Mariam
622 1409 653 1464 in
665 1409 748 1467 domo
759 1413 927 1468 sanctissimi
941 1413 994 1468 viri
1007 1415 1118 1470 nomine
1128 1414 1202 1484 Syon
1214 1417 1279 1470 222.

131 1495 211 1562 Quod
229 1496 370 1552 Johannes
386 1495 531 1567 pmimtus
548 1499 592 1553 est
610 1497 648 1554 ad
665 1499 866 1569 predicandum
885 1501 944 1556 228.

131 1583 243 1652 Regula
254 1583 337 1639 beate
349 1583 468 1656 virginis
482 1585 632 1642 secundum
645 1601 730 1655 quam
742 1585 814 1641 vixit
824 1591 889 1657 post
901 1589 1088 1646 ascensionem
1098 1589 1149 1644 filii
1159 1590 1201 1644 sui
1214 1591 1275 1646 223.

132 1671 173 1727 De
190 1669 279 1742 signis
297 1688 352 1742 que
369 1671 477 1728 flebant
495 1689 545 1744 per
563 1671 683 1728 Mariam
698 1671 768 1726 dum
786 1672 878 1728 adhuc
896 1673 1003 1731 viveret
1021 1677 1081 1731 227.

129 1758 210 1825 Quod
229 1759 321 1814 diaria
339 1759 488 1815 suscitavit
505 1759 596 1815 fllium
613 1759 697 1817 vidue
714 1763 774 1819 222.

130 1846 210 1913 Quod
230 1847 323 1904 Maria
340 1847 488 1904 suscitavit
506 1848 645 1919 virginem
664 1849 826 1907 defunctam
844 1851 904 1908 228.

131 1934 212 2002 Quod
230 1935 321 1992 ilaris
338 1935 488 1992 suscitavit
505 1937 651 1993 mulierem
668 1938 699 1992 in
716 1941 803 2008 partu
821 1938 983 1995 deiunctam
999 1939 1061 1994 228.

130 2022 210 2089 0000
229 2021 320 2078 ilaris
337 2022 462 2080 diversas
479 2025 661 2081 infirmitates
678 2026 790 2081 emovit
805 2027 866 2082 229.

130 2109 210 2178 Quod
228 2127 278 2181 per
296 2112 380 2166 natus
398 2115 440 2167 est
459 2112 494 2168 de
512 2116 624 2170 mortua
641 2117 732 2170 matre
748 2129 799 2184 per
817 2113 919 2169 merita
937 2115 1024 2170 ldarie
1042 2113 1160 2186 virginis
1178 2117 1238 2172 220.

133 2196 212 2264 Quod
231 2197 275 2254 leo
292 2199 452 2270 reportavit
469 2199 558 2255 tilium
576 2203 744 2272 paupercule
761 2201 885 2257 mulieris
902 2203 962 2259 220.

131 2283 211 2351 0000
229 2283 321 2340 liaris
339 2283 473 2340 liberavit
491 2289 548 2342 tres
565 2286 678 2344 invenes
695 2289 756 2346 221.

130 2371 210 2439 Quod
228 2371 320 2428 Maria
337 2371 471 2428 liberavit
488 2374 630 2444 quandam
649 2375 783 2432 feminam
793 2377 861 2432 ¹232.

134 2460 212 2527 Quod
231 2461 323 2517 Maria
341 2461 473 2517 liberarit
491 2462 632 2532 qnondam
651 2463 797 2519 detentum
816 2483 866 2534 pro
885 2465 962 2521 inrto
979 2466 1039 2520 222.

129 2548 210 2614 0000
229 2548 315 2604 multi
333 2547 476 2619 Neophyti
496 2554 632 2606 venerunt
650 2551 805 2607 Jerusalem
824 2551 918 2607 videre
937 2552 1056 2606 Muniam
1075 2552 1136 2608 222.

129 2637 209 2704 Quod
227 2637 333 2692 Paulus
351 2637 495 2709 apostolus
513 2637 592 2693 venit
610 2638 764 2694 Jerusalem
784 2638 878 2695 videre
898 2641 1017 2695 Mariam
1035 2642 1094 2696 222.

129 2725 208 2793 0000
227 2726 315 2782 Lucas
332 2725 443 2796 scripsit
461 2725 639 2796 evangellum
653 2743 691 2782 es
710 2743 758 2782 ore
775 2727 893 2798 virginis
913 2728 1000 2784 ldarie
1018 2729 1077 2784 222.

128 2813 208 2880 Quod
226 2813 331 2870 Paulus
349 2813 461 2869 recessit
479 2831 497 2869 a
516 2813 606 2868 Maria
624 2815 684 2870 222.

128 2901 208 2970 Quod
227 2901 347 2973 apostoli
365 2902 481 2957 inerunt
497 2903 629 2959 collectas
647 2920 697 2972 pro
714 2903 884 2974 pauperibus
901 2903 961 2958 224.

9 3037 13 3054 ,
128 2989 208 3057 Quod
227 2993 292 3060 post
309 2989 508 3062 dispersionem
526 2991 717 3062 apostolorum
735 2991 809 3046 solus
826 2990 946 3048 Jacobus
964 2991 1099 3046 remansit
1116 2991 1147 3046 in
1162 2991 1275 3047 Jerusa-

200 3079 255 3134 lem
273 3079 333 3134 235.

129 3167 208 3233 Quod
227 3169 340 3222 saneim
360 3165 486 3238 ignatius
504 3165 615 3237 scripsit
632 3167 784 3238 epistulam
802 3167 885 3223 beate
905 3167 1007 3238 virgini
1027 3167 1115 3222 Mario
1133 3167 1194 3224 220.

128 3257 208 3322 Quod
227 3254 319 3310 diaria
335 3253 478 3325 rescripsit
496 3254 646 3326 epistulam
665 3259 763 3312 saneto
782 3255 895 3325 Ignatio
914 3255 972 3311 287.

128 3344 203 3410 Quot
220 3344 303 3398 annis
319 3343 413 3398 Maria
429 3343 513 3413 virgo
532 3342 633 3398 vixerit
651 3345 856 3413 superterram
877 3342 935 3396 228.

127 3431 169 3486 De
186 3431 268 3488 obitu
285 3435 314 3487 et
332 3429 523 3501 assumptione
542 3429 630 3486 liaris
648 3430 766 3501 virginis
786 3430 845 3487 229.

127 3519 206 3586 0000
224 3519 342 3590 angelus
360 3517 438 3575 dedit
455 3518 542 3574 liaris
559 3517 686 3588 palmam
704 3521 733 3573 et
752 3518 951 3574 vestimentum
969 3517 1030 3573 240.

126 3607 206 3674 0000
223 3605 317 3663 Kasia
334 3607 464 3664 narravit
482 3605 623 3664 sodalibus
641 3606 697 3660 suis
715 3606 811 3676 angeli
829 3605 999 3676 legationem
1017 3605 1077 3659 240.

126 3695 206 3760 Quod
224 3695 296 3752 socie
315 3695 403 3751 Mario
420 3695 539 3766 virginis
556 3694 726 3766 planxerunt
743 3693 852 3750 obitum
869 3692 929 3748 eius
946 3693 1006 3746 241.

126 3783 204 3850 Quod
224 3782 317 3839 Maria
333 3781 411 3838 derit
432 3799 466 3839 es
483 3781 672 3853 compassione
689 3782 827 3838 sociatim
844 3799 959 3836 suarum
978 3781 1037 3836 241.

126 3871 206 3937 Quod
228 3870 371 3928 lohannes
395 3869 572 3941 evangelista
597 3869 760 3941 supervenit
788 3871 818 3924 et
840 3867 950 3923 invenit
976 3867 1094 3924 Mariam
1120 3868 1274 3924 lacriman-

197 3961 256 4014 tem
276 3960 338 4013 241.

126 4045 206 4112 Quod
224 4045 344 4118 apostoli
362 4061 457 4103 omnes
475 4047 664 4103 convenerunt
682 4045 712 4102 in
730 4045 886 4102 Jerusalem
904 4045 966 4100 242.

125 4133 205 4201 Quod
224 4133 316 4190 liaris
334 4132 433 4204 garira
450 4135 493 4190 set
509 4132 540 4188 in
558 4133 682 4190 adventu
700 4134 890 4205 apostolorum
908 4133 969 4192 242.

126 4221 167 4277 De
184 4221 303 4292 planetu
321 4221 510 4291 apostolorum
528 4219 558 4276 in
576 4221 654 4278 obitu
674 4221 763 4277 llario
781 4221 900 4292 virginis
917 4223 977 4278 242.

125 4309 204 4378 Quod
225 4309 320 4380 plnres
337 4309 460 4380 virginoe
483 4313 512 4366 et
537 4309 593 4365 alie
617 4311 747 4366 mulieres
774 4309 894 4366 aderant
921 4308 951 4365 in
978 4307 1057 4366 obitu
1082 4309 1166 4366 beate
1184 4307 1275 4379 virgi·

197 4397 243 4454 nis
259 4397 319 4454 245.
