3060 4936
785 305 846 376 190

242 485 390 572 quaesivit
412 489 444 551 et
466 485 629 566 conclusit,
653 507 725 570 quae
747 487 781 550 in
804 484 891 570 picas
913 507 1072 552 eonversae
1094 488 1128 552 in
1148 487 1322 573 perniciem
1344 487 1395 554 sui

241 593 415 659 detentoria
438 592 653 671 evolaverunt,
676 597 773 678 prout
796 591 928 658 Ovidius
951 593 1064 658 recitat
1090 597 1123 658 et
1144 591 1286 659 Isidorus
1311 593 1395 678 Ety-

241 698 359 784 molog.
382 701 546 763 memorat.
592 697 698 762 Huius
720 697 839 764 fabulae
861 697 948 764 fictio
972 701 1065 763 antro
1084 703 1194 764 nostro
1216 699 1296 764 satis
1319 720 1394 764 con-

241 805 345 884 venit,
362 803 444 888 ‚quia
466 804 581 870 chorus
604 803 769 870 Musarum
792 804 826 868 in
849 825 886 869 eo
909 805 1107 870 cantantium
1138 803 1264 870 ratione
1293 804 1395 868 dulcis

242 909 431 975 resonantiae
453 910 636 994 aptissimus
652 931 718 974 esse
733 912 869 992 poterat.
909 931 974 974 non
990 909 1075 974 enim
1090 908 1276 974 humanitus
1292 907 1395 972 fabri·

242 1019 313 1078 cata
334 1014 404 1080 loca
427 1014 464 1079 ad
488 1015 681 1080 cantandum
696 1014 871 1094 intrabant,
895 1015 951 1080 sed
967 1037 1037 1100 quae
1053 1017 1261 1104 naturalapta
1276 1012 1397 1079 fecerat

241 1120 274 1184 in
297 1120 468 1200 montibus,
492 1120 582 1186 silvis
604 1125 636 1186 et
659 1121 790 1186 desertis
813 1121 900 1199 locis,
930 1122 1099 1206 quiscum
1121 1124 1226 1186 essent
1249 1119 1315 1184 deas
1338 1125 1396 1184 aut

242 1225 295 1304 dii,
318 1247 382 1290 non
405 1229 475 1291 erat
497 1247 604 1290 earum
628 1227 825 1291 conversatio
857 1247 929 1290 cum
960 1224 1161 1304 hominibus,
1193 1225 1269 1291 lieet
1295 1225 1395 1290 etiam

241 1332 385 1415 quaedam
418 1329 519 1396 Musae
551 1331 601 1396 vel
633 1329 794 1416 Nymphae
828 1329 985 1396 humanas
1014 1331 1165 1415 legantur
1195 1329 1397 1395 inhabitasse

241 1437 333 1516 aedes,
357 1458 420 1500 non
443 1439 549 1501 temen
565 1435 627 1500 nisi
644 1435 751 1502 eiectis
766 1436 958 1502 hominibus.
1004 1433 1147 1501 Inventis
1167 1441 1275 1501 autem
1290 1434 1398 1500 Musis

241 1564 260 1606 a
275 1539 455 1627 Pyrtheneo
469 1540 617 1626 Giganta,
641 1541 791 1606 advoluta
813 1541 896 1606 mole
911 1563 945 1606 os
960 1541 1117 1626 speluncae
1132 1541 1297 1620 conclusit,
1321 1562 1398 1625 quae

240 1647 338 1714 moles
361 1647 455 1713 hodie
477 1647 524 1711 ibi
546 1651 602 1712 est.
641 1647 696 1712 sed
718 1645 808 1712 Jovis
838 1647 939 1730 patris
970 1669 1078 1712 earnm
1100 1645 1248 1710 invocato
1271 1645 1397 1711 auxilio

241 1774 315 1817 mox
330 1752 363 1818 in
379 1753 465 1838 picas
481 1773 640 1818 conversae
656 1751 882 1836 perforamen,
898 1753 1050 1838 quod·est
1065 1751 1225 1837 spelunca
1240 1752 1397 1832 fenestra,

241 1857 455 1923 evolaverunt.
479 1863 511 1923 et
532 1858 605 1922 inde
620 1879 721 1942 genus
735 1856 796 1922 hoc
811 1856 918 1922 avium
940 1857 1082 1943 auguriis
1105 1861 1217 1941 aptum
1239 1878 1297 1940 per
1312 1854 1396 1922 Sue-

241 1962 326 2027 viam
348 1968 380 2028 et
403 1962 602 2028 Alemauiam
625 1967 673 2027 est
701 1962 861 2027 diffusum.
908 1959 1057 2028 Cessante
1088 1967 1194 2028 autem
1226 1961 1398 2027 Musarum

240 2069 305 2134 ritu
328 2068 493 2134 homicida
524 2072 556 2133 et
583 2067 724 2133 latrones
756 2089 883 2152 specum
914 2065 1096 2132 inhabitare
1127 2073 1302 2153 coeperunt.
1337 2089 1399 2152 pro

241 2195 375 2258 quorum
406 2172 601 2257 repressione
633 2172 762 2257 quidam
792 2176 971 2256 praepotens
995 2169 1116 2237 Suevus
1143 2173 1179 2264 in
1209 2173 1399 2238 summitate

241 2279 328 2362 rupis
351 2299 455 2343 arcem
471 2278 580 2356 erexit,
604 2299 700 2361 quam
722 2280 832 2360 postea
855 2276 1017 2360 predones
1038 2275 1268 2342 inhabitavero.
1310 2278 1398 2364 quod

242 2383 380 2468 regionis
403 2381 513 2447 incolae
536 2380 620 2458 ferre
642 2402 707 2446 non
740 2381 898 2460 valentes,
931 2402 1034 2446 arcem
1066 2381 1169 2473 ipsam
1198 2381 1393 2448 deiecerunt

240 2509 278 2551 ex
301 2508 364 2571 qua
386 2490 492 2550 tamen
516 2507 615 2570 usque
636 2483 730 2550 hodie
751 2485 851 2550 ruinae
874 2485 1031 2551 videntur.

213 2615 217 2625 ·
328 2589 405 2655 Inde
421 2613 477 2675 per
492 2590 674 2655 descensum
685 2589 924 2674 progrediendo
945 2590 1178 2674 aliquantulum
1195 2590 1290 2655 vallis
1306 2615 1398 2677 quae·

241 2698 314 2760 dam
344 2693 504 2780 profunda
534 2699 566 2758 et
595 2694 692 2780 longa
722 2694 807 2778 ipsas
830 2693 1006 2760 Suanorum
1037 2696 1124 2779 alpes
1154 2696 1279 2762 scindit.
1313 2698 1399 2763 unde

241 2803 338 2868 etiam
361 2825 380 2867 a
402 2801 451 2866 sui
466 2799 685 2886 profunditate
708 2822 823 2866 nomen
847 2799 881 2866 in
897 2800 1024 2886 vulgari
1047 2801 1154 2880 habet,
1177 2801 1261 2885 quod
1279 2801 1399 2867 dicitur

241 2910 297 2974 das
321 2907 503 2974 Tiel'enthal
521 2905 542 2972 ¹.
586 2904 624 2970 In
647 2905 708 2971 hac
731 2903 814 2970 valle
836 2905 974 2971 occurrit
1004 2907 1036 2970 in
1060 2905 1143 2971 clivo
1165 2906 1284 2972 montis
1311 2907 1398 2973 inter

241 3035 335 3099 rupes
359 3036 393 3078 os
416 3011 573 3096 speluncae
589 3011 710 3097 grande
733 3014 767 3076 et
788 3015 899 3095 patens
917 3033 973 3095 per
995 3012 1080 3096 quod
1105 3013 1267 3097 ingressus
1291 3014 1398 3078 estin

240 3121 426 3186 horribilem
450 3123 482 3184 et
504 3119 706 3183 tenebrosum
723 3116 1073 3202 profundissimumque
1097 3139 1225 3202 specum
1241 3117 1276 3181 in
1299 3140 1398 3202 pene·

241 3225 337 3292 tralia
367 3229 546 3310 petrarum,
579 3224 617 3287 de
649 3244 712 3307 quo
739 3244 836 3305 supra
867 3221 987 3286 mentio
1009 3223 1095 3288 facta
1117 3226 1180 3300 est,
1213 3221 1394 3308 fuissetque

242 3331 408 3416 aptissima
430 3352 539 3415 specus
562 3351 620 3413 pro
643 3325 793 3394 exercitio
817 3327 1096 3411 superstitionum,
1129 3327 1245 3412 quibus
1270 3328 1397 3414 antiqui

242 3457 355 3501 vacare
378 3435 533 3500 solebant.

147 3550 232 3631 ἢ
330 3539 497 3606 ²Ulterius
514 3539 727 3606 descendendo
749 3561 806 3623 per
821 3539 936 3604 vallem
951 3539 1041 3604 fluvii
1058 3538 1127 3604 Ach
1151 3543 1200 3604 eet
1222 3537 1394 3605 Wilerium

239 3645 325 3726 villa,
347 3647 381 3710 in
398 3669 462 3730 qua
476 3647 572 3711 etiam
588 3645 707 3711 evomit
721 3650 807 3710 terra
828 3645 961 3728 largiter
984 3667 1082 3730 aquas
1097 3667 1190 3710 sanas
1214 3651 1247 3712 et
1269 3645 1388 3724 bonas3

241 3773 299 3817 nec
321 3752 472 3816 vomitem
506 3751 598 3816 illum
633 3750 744 3829 eredo,
777 3749 804 3813 si
828 3752 953 3834 antiqui
983 3771 1055 3814 eum
1078 3749 1243 3831 viderunt,
1276 3751 1395 3836 absque

242 3855 374 3921 delubro
390 3855 613 3941 Nympharum
637 3855 743 3934 luisse,
767 3855 855 3920 ouius
876 3855 946 3920 loco
968 3877 1065 3940 supra
1080 3855 1232 3948 vomitem
1254 3861 1305 3922 est
1320 3855 1394 3922 reli·

242 3962 350 4048 giosus
369 3965 541 4026 conventus
566 3965 597 4025 et
612 3959 819 4024 reclusorium
836 3959 1012 4024 velatarum
1035 3959 1206 4046 virginum,
1230 3961 1316 4045 quod
1332 3961 1396 4026 talc

819 4090 836 4121 ἥ

313 4145 325 4196 l
341 4142 392 4195 das
406 4141 507 4196 Tuftul
518 4142 589 4198 hon.
605 4144 627 4196 1.
659 4141 709 4196 das
722 4139 854 4196 Tieffthal
870 4143 928 4195 Seli
945 4141 988 4197 Kl.
1021 4139 1190 4196 Tieil'enthal
1204 4139 1289 4195 Wibl.
1304 4139 1393 4197 Sehm.

241 4231 314 4302 quod
333 4231 436 4284 dicitur
454 4229 527 4284 fehlt
545 4229 590 4284 bei
609 4228 767 4284 denselben.
855 4229 872 4282 2
890 4228 931 4285 De
949 4229 1098 4285 reclusorio
1112 4227 1201 4282 Wiler
1218 4227 1321 4293 haben,
1340 4229 1393 4283 den

240 4319 303 4374 titel
324 4317 545 4383 wiederholend,
575 4319 618 4373 als
641 4335 731 4373 neuen
750 4317 815 4373 titel
835 4317 897 4373 Sch.
918 4318 961 4374 Kl.
981 4317 1066 4371 Wibl.
1091 4315 1149 4370 und
1172 4315 1263 4370 Sehm.
1299 4317 1393 4371 Dieser

242 4406 369 4462 bemerlrt
388 4406 531 4462 deneben:
553 4405 637 4461 »Tria
654 4406 713 4461 haee
733 4407 819 4461 verba
837 4423 893 4462 non
912 4411 978 4461 eunt
996 4403 1114 4460 incdit.
1133 4402 1260 4461 Goldaet.
