2996 4924
792 317 834 381 44

393 491 477 558 Huic
500 513 576 579 ergo
598 491 718 578 virgini
740 513 804 557 non
827 491 902 557 licet
923 490 1043 556 violare

393 595 512 661 Votum
535 617 599 681 quo
621 617 654 660 se
676 595 804 660 domino
827 595 965 662 decrerit
989 595 1151 683 obligure3

315 718 367 756 ¹1²⁰
393 699 482 786 Ergo
504 701 584 765 mibi
606 701 710 785 plecet
731 702 802 781 hoo,
826 705 863 767 ut
884 702 977 768 deum
1000 703 1198 768 obsecremus

396 807 443 872 Ac
465 807 532 872 eius
553 806 673 872 croculi
697 828 883 892 responsum
906 807 1111 892 postulemus,

394 910 497 977 Nobis
519 917 556 978 ut
578 935 635 997 per
657 914 806 998 angelum
830 913 907 978 velit
929 913 1078 993 revelem,

394 1017 476 1095 Quid
499 1018 537 1084 de
559 1018 645 1082 fecto
667 1019 802 1104 virginis
824 1018 980 1103 possimus
1003 1019 1158 1084 ordinere.

239 1328 342 1414 Quod
357 1333 569 1407 sacerdotes
583 1336 803 1408 statuerunt
815 1335 994 1408 ieiunium
1009 1357 1077 1431 pro
1091 1336 1235 1430 virgine
1249 1335 1382 1409 Muris.

395 1539 577 1608 Sacerdotes
598 1543 782 1608 triduanum
805 1564 881 1629 ergo
908 1546 1089 1609 statuerunt

318 1663 369 1702 1¹2⁶
396 1646 569 1729 Ieiunium,
592 1655 625 1715 et
647 1651 790 1735 precibus
814 1649 906 1715 deum
929 1652 1132 1736 rogaverunt,

395 1751 477 1838 Ipsis
500 1759 537 1818 nt
558 1777 615 1840 per
637 1755 785 1841 angelum
808 1755 957 1822 mandere
979 1755 1175 1840 dignaretur,

396 1856 478 1933 Quid
502 1859 540 1924 de
562 1859 649 1925 fecto
671 1859 806 1945 virginis
828 1859 922 1927 huius
945 1864 1104 1947 ageretur.

242 2151 296 2228 De
325 2178 415 2229 voce
443 2181 515 2252 que
537 2159 651 2233 fiebat
678 2161 716 2233 in
745 2161 887 2254 templo
914 2159 1114 2233 ostendeus
1141 2159 1224 2253 quis
1251 2159 1386 2253 dignus

491 2288 589 2356 esset
616 2285 789 2377 coniugio
816 2284 972 2376 virginis
999 2283 1128 2356 Merie.

399 2489 476 2556 Post
498 2492 558 2556 hoc
580 2492 630 2557 die
653 2492 748 2558 tertio
771 2512 888 2578 msgne
908 2513 970 2556 rox
991 2490 1099 2568 fiebst,

399 2596 527 2662 Cunctis
550 2599 760 2678 audientibus,
782 2598 816 2662 in
839 2597 958 2682 templo
981 2619 1042 2682 que
1064 2596 1198 2674 dicebat,
1243 2615 1247 2622 ·

323 2719 373 2757 ¹¹³⁰
400 2699 447 2768 Ut
468 2704 607 2770 universi
630 2705 757 2770 iuvenes
780 2705 818 2769 de
840 2704 927 2768 tribu
950 2702 1035 2768 Jude
1056 2702 1134 2780 neti,

400 2807 467 2874 sivi
489 2831 587 2889 senes,
610 2809 665 2894 qui
688 2831 751 2874 non
773 2811 877 2874 essent
899 2807 1002 2872 adhuc
1024 2807 1197 2892 coniugati,

399 2913 437 2978 ln
458 2913 518 2978 hoc
540 2915 659 3000 templo
681 2914 886 2981 convenirent
909 2919 941 2979 et
963 2913 1098 2999 quilibet
1120 2915 1263 2997 portaret

399 3020 436 3086 In
459 3043 556 3088 mauu
579 3023 703 3107 virgum
725 3026 758 3085 et
779 3043 848 3086 eom
871 3042 994 3085 summo
1016 3022 1213 3104 presentaret

400 3124 571 3207 Sacerdoti,
594 3128 648 3212 qui
672 3127 800 3192 deberet
821 3125 892 3192 illus
915 3125 1069 3192 collocare

322 3250 373 3287 1¹⁸⁶
400 3231 501 3298 Simul
523 3234 555 3296 in
576 3232 709 3297 interius
732 3231 885 3315 templum
907 3231 946 3295 sd
969 3230 1084 3306 eltsre3

401 3337 445 3402 Et
467 3338 556 3403 cuius
578 3339 670 3424 virge
691 3337 857 3404 frondibus
880 3341 912 3402 et
934 3337 1012 3401 flore
1033 3333 1206 3420 pullularet

401 3442 574 3528 Postquam
596 3465 665 3508 eum
687 3442 841 3508 secerdoti
864 3462 987 3504 summo
1010 3442 1217 3523 presentaret,

401 3547 508 3633 Atque
531 3553 658 3614 senetur
681 3549 813 3633 spiritus
835 3548 869 3612 in
892 3569 929 3611 ee
951 3541 1102 3611 resideret

401 3652 440 3718 In
462 3654 606 3718 columbe
627 3653 737 3738 specie,
761 3674 817 3737 per
839 3651 966 3737 signum
989 3651 1050 3716 hoc
1071 3654 1204 3735 peteret,

324 3777 374 3816 mo
403 3758 494 3835 Quod
515 3759 598 3824 idem
621 3759 716 3823 homo
739 3758 861 3823 meritis
885 3758 1000 3842 dignus
1023 3756 1204 3834 haberetur,

402 3865 443 3930 ni
465 3865 549 3949 quod
571 3863 675 3929 Meris
697 3863 788 3949 virgo
811 3885 869 3949 pro
890 3885 1006 3948 sponse
1027 3863 1222 3947 iungeretur.

403 3970 491 4055 Ergo
514 3970 629 4034 summi
651 3971 826 4035 secerdotes
848 3991 905 4054 per
927 3972 1027 4033 totam
1050 3967 1283 4031 mundaverunt

403 4074 548 4154 Judeem,
572 4073 648 4138 viris
671 4073 818 4138 omnibus
842 4073 984 4138 districte
1005 4075 1223 4156 preceperunt,

403 4179 450 4246 Ut
472 4180 510 4246 de
532 4179 619 4246 tribu
641 4177 727 4246 Jude
749 4179 854 4245 cuncti
876 4179 932 4264 qui
953 4177 1060 4244 forent
1082 4177 1260 4262 propagati,

325 4305 377 4342 ¹¹⁴⁶
404 4287 448 4352 llt
470 4307 534 4350 non
557 4307 613 4370 per
635 4285 818 4372 conjugium
840 4288 944 4352 essent
966 4283 1111 4370 obligati,

404 4389 577 4457 Confestim
600 4391 633 4456 in
656 4389 833 4458 Jerusalem
855 4390 895 4456 ud
917 4389 1072 4473 templum
1094 4391 1312 4474 properarent,
