3014 4926
657 379 718 456 159

271 559 343 630 Jom
364 561 471 628 Pilato
493 565 609 659 presidi
631 565 790 650 mortique
810 566 1007 650 deputatum,

269 667 391 733 Ductus
413 668 590 752 penitentia
610 669 746 755 triginta
768 671 943 755 reportavit

269 771 425 838 Nummos
447 773 661 857 pontificibus,
683 774 742 840 hos
764 776 891 842 tradens
914 777 1118 842 exolamsvit:

190 896 243 934 ⁴⁸⁴0
272 876 420 944 »Pecosvi
441 879 569 944 tradens
590 879 777 964 sauguinem
799 880 918 946 iustum
941 881 991 946 dei
1013 882 1105 948 mei«

271 981 371 1058 »Quid
394 982 434 1047 sd
455 1004 513 1048 nos
535 987 571 1048 tu
594 984 739 1063 videris«,
763 985 992 1068 responderunt
1013 985 1127 1062 Judei;

268 1089 312 1156 Et
332 1088 367 1152 in
389 1087 509 1173 templo
532 1109 677 1154 nummos
699 1088 771 1154 illos
794 1090 902 1155 obiens
925 1089 1067 1175 proiecit,

270 1191 311 1258 Se
332 1193 526 1278 suspendens
546 1191 660 1278 laqueo
682 1192 776 1260 finem
799 1193 847 1258 its
868 1193 953 1260 feeit.

155 1508 255 1595 Quod
282 1449 394 1584 dedus
420 1510 596 1586 reduetus
624 1513 683 1584 est
705 1509 752 1582 ab
779 1507 926 1584 Herode
952 1510 1001 1584 ad
1028 1510 1208 1584 Pilatum.

270 1718 362 1788 Jesus
384 1741 456 1786 oum
478 1719 625 1786 reduetus
647 1723 695 1784 est
717 1717 836 1802 Pilato,
854 1724 929 1785 tuno
950 1718 1068 1787 Judeos

194 1844 245 1884 κω
271 1824 394 1892 Pilutus
416 1847 525 1891 omnes
544 1829 705 1903 oonvoost,
729 1824 834 1890 dicens
857 1824 916 1890 heo
938 1826 978 1890 ud
1000 1848 1068 1892 eos:
1137 1818 1140 1824 ’

272 1929 372 1996 »Mihi
394 1953 450 1996 vos
473 1929 557 1996 hune
578 1929 739 1996 hominem
761 1929 880 1996 iustum
903 1929 1074 2010 obtulistis,

268 2034 545 2122 transgressorem
567 2039 670 2100 vestre
691 2034 771 2120 legis
793 2034 958 2119 ipsumque
980 2035 1123 2110 dixistis;

269 2140 352 2208 Eoee
373 2163 507 2226 quereus
529 2161 635 2206 eornm
658 2139 747 2204 vobis
769 2161 833 2204 uon
855 2161 983 2224 possum
1005 2141 1167 2225 indogure,

269 2243 404 2312 Oeneum
425 2268 484 2330 pro
507 2267 571 2330 que
591 2243 721 2310 debeam
742 2245 828 2310 huno
848 2247 950 2310 morte
972 2245 1186 2310 condemnare.

193 2367 245 2405 κω
270 2347 337 2418 Neo
358 2349 500 2416 Herodes
523 2350 642 2436 aliquid
665 2349 699 2414 in
723 2371 759 2414 eo
781 2354 884 2416 morte
906 2349 1039 2435 dignum

267 2453 412 2522 Invenire
436 2456 540 2540 potuit
562 2455 682 2520 suetum
704 2475 762 2520 neo
783 2454 977 2540 malignum

269 2557 352 2624 Nom
376 2561 415 2626 ud
437 2559 597 2628 Herodem
618 2559 776 2638 miseram,
799 2563 837 2624 ut
858 2558 963 2643 ipsum
984 2559 1154 2636 iudicarem

267 2661 342 2728 Nou
363 2665 487 2732 invenit
508 2687 635 2732 ouusom
657 2664 742 2730 huno
764 2685 822 2748 pro
844 2686 908 2748 qua
929 2666 1170 2742 condemneret3

268 2767 313 2834 Et
333 2769 438 2855 ipsum
460 2793 516 2836 ros
539 2771 579 2836 ed
602 2769 811 2836 emusundum
832 2769 908 2834 illue
930 2771 1138 2850 commistim

195 2892 246 2929 ⁴⁸⁶⁶
272 2873 352 2942 Eme
374 2875 456 2940 nihil
479 2875 599 2938 foetum
620 2879 684 2952 eet3
707 2874 793 2940 huno
816 2874 895 2940 mihi
917 2875 1097 2942 reduxistis.

268 2977 328 3045 Sed
349 2980 383 3044 iu
406 2983 510 3044 uestro
532 2978 613 3043 festo
635 2979 776 3044 sinotum
799 3001 900 3044 unum»
919 2979 1078 3044 dimittere
1100 2979 1218 3061 soletis,

268 3083 356 3149 Duos
378 3105 504 3170 quoque
530 3085 620 3150 modo
642 3105 712 3149 reos
734 3084 768 3148 in
790 3085 924 3149 vinculis
945 3083 1085 3160 hebetis;
1165 3068 1169 3074 ¹

268 3187 368 3266 Quem
391 3189 549 3254 dimittam
571 3209 647 3274 ergo
670 3189 770 3270 vobis,
794 3189 844 3255 vel
866 3189 1031 3254 Borrsben
1053 3189 1221 3270 latronem,

270 3293 330 3370 Qui
353 3299 478 3360 tenetur
500 3294 633 3358 vinculis
656 3293 697 3358 ob
719 3293 914 3372 seditionem,

193 3417 243 3456 *σου
269 3398 329 3464 Vel
337 3399 422 3464 huno
430 3397 541 3465 Jesum
549 3397 749 3464 Nazarenum
758 3421 852 3483 quem
861 3397 1252 3464 dieuuteeseChristumtr

270 3501 512 3589 Responderunt
533 3504 689 3570 universi:
715 3501 808 3570 »Non
831 3503 974 3570 dimittes
994 3505 1102 3585 istum,

269 3607 329 3674 Sed
352 3608 477 3676 dimitto
498 3607 682 3683 Berrebom
705 3629 810 3692 preses
833 3611 908 3674 tune
930 3607 1057 3674 volebat

269 3711 441 3780 Dominum
463 3713 631 3794 dimittere,
654 3714 695 3778 ob
717 3713 778 3780 hoo
799 3713 844 3778 eis
866 3712 1006 3778 dieebot:

272 3817 382 3894 »Quod
405 3819 443 3884 de
464 3817 542 3884 Jesu
564 3818 722 3884 faciasne«
747 3823 781 3884 ot
802 3818 851 3882 illi
872 3817 1119 3902 responderunt:

194 3941 243 3980 ou
273 3921 457 4010 >crucifige
479 3923 678 4010 crucifiget«,
701 3924 746 3988 sio
768 3943 876 3988 omnes
898 3923 1122 3988 olsmoveruut.

272 4029 464 4106 ›Quidnam‹
491 4029 595 4114 inquit
619 4028 716 4094 »moli
738 4029 839 4094 feeit?
863 4050 926 4093 non
948 4027 1125 4092 invenietur

267 4131 303 4198 [n
327 4155 364 4200 eo
386 4155 490 4214 oouso,
513 4155 571 4219 pro
594 4157 657 4220 qus
678 4134 761 4200 iuste
783 4137 884 4200 morte
906 4133 1159 4200 oondemnetur.‹

268 4236 320 4302 Illi
341 4260 415 4304 vero
439 4239 567 4304 vocibus
589 4239 737 4304 maximis
758 4237 949 4318 clamabant,

267 4339 314 4406 Ut
335 4343 569 4430 crucifigeretur
591 4341 684 4410 Jesus
707 4343 922 4428 postulabant.

194 4461 243 4500 ⁴⁶⁷⁰
269 4441 328 4512 Sed
351 4469 455 4532 preses
477 4447 588 4528 sciens,
611 4449 695 4532 quod
718 4471 789 4516 eum
812 4447 929 4516 iniuste
951 4449 1165 4533 persecuntur,
