3072 4936
797 367 858 434 106

254 543 475 624 Heidenheiru,
499 547 531 608 et
553 543 628 608 dum
644 543 682 608 ed
707 543 770 608 alie
786 543 855 608 loca
869 544 1071 628 emigrarent,
1094 564 1208 607 nomen
1229 540 1280 606 sui
1295 541 1406 626 oppidi

254 649 453 714 retinuerunt
476 648 599 732 perdito
621 671 679 713 suo
701 645 830 732 proprio
854 647 990 712 nomine,
1036 646 1114 712 Hae0
1133 645 1255 710 familia
1272 644 1372 710 etiam
1387 669 1406 708 a
1520 629 1521 704 ἢ

254 753 441 839 Laugingen
464 751 595 819 Ulmum
626 751 753 818 devenit
783 751 816 814 in
840 752 1034 816 consortium
1054 755 1265 837 magnatuum
1289 750 1406 834 quibus

255 857 422 924 connubiis
441 858 541 922 iuncti
564 857 648 922 inter
671 878 723 921 eos
746 861 899 922 crescunt.

563 1045 1098 1132 Heintzler¹(Hainzel).

343 1207 630 1272 Heintzlerensium
652 1207 819 1291 antiquata
841 1207 987 1272 familia²
1012 1209 1108 1288 adeo,
1139 1213 1175 1274 ut
1197 1209 1366 1294 ignoretur
1390 1231 1410 1271 a

258 1337 320 1398 quo
336 1313 454 1398 insigni
473 1312 580 1397 aliquo
595 1311 746 1377 Heinrico
764 1335 876 1378 nomen
892 1313 972 1378 illud
988 1315 1219 1392 contraxerint3
1236 1311 1410 1378 verisimile

259 1419 344 1483 enim
367 1424 415 1483 cst
438 1439 491 1482 eos
514 1417 592 1482 olim
615 1417 702 1481 aliud
724 1417 872 1483 habuisse
895 1441 1019 1499 nomen,
1043 1421 1096 1484 sed
1119 1420 1296 1504 aquodam
1314 1422 1410 1482 nota·

256 1522 316 1589 bili
338 1525 422 1588 inter
445 1545 496 1588 eos
511 1522 662 1589 Heinrico
686 1523 770 1587 dioto
785 1521 847 1588 hoc
861 1546 975 1589 nomen
992 1521 1217 1590 haereditavere
1232 1521 1409 1600 Heintuler,

258 1629 349 1714 quasi
373 1628 431 1692 filii
453 1627 605 1692 Heinrici.
652 1627 787 1703 Quidam
809 1633 915 1692 tamen
939 1631 1042 1695 dicere
1064 1631 1177 1695 volunt
1198 1631 1283 1714 quod
1299 1628 1411 1693 ‹lican-

258 1739 312 1799 tur
335 1733 489 1799 Hantzler
511 1736 578 1799 sine
600 1734 612 1797 i
635 1733 725 1818 quasi
748 1733 894 1798 manibus
917 1739 1167 1812 contrectantes,
1200 1757 1239 1800 ex
1261 1756 1299 1798 eo
1323 1732 1409 1818 quod

257 1840 292 1902 in
314 1839 586 1924 negotiationibus
609 1837 766 1903 fortunati
790 1839 921 1904 fuerunt
943 1845 975 1905 et
998 1841 1178 1906 substantia
1200 1837 1241 1904 ab
1264 1840 1309 1904 eis
1333 1861 1410 1903 con-
1520 1879 1521 1886 κ

258 1948 394 2010 tractata
423 1943 699 2030 augmentabatur.
746 1942 790 2007 Hi
823 1943 986 2010 Heintzler
1020 1946 1180 2030 quondam
1214 1945 1248 2008 in
1278 1943 1412 2008 Lindow
1520 1981 1521 1990 ÷

260 2049 375 2133 oppido
397 2049 543 2135 imperati
558 2049 592 2112 in
614 2049 686 2114 lacu
702 2047 863 2114 Venedico
878 2049 1116 2130 habitaverunt,
1139 2051 1184 2115 ihi
1205 2048 1415 2134 multiplicati
1520 2039 1521 2066 ³

260 2160 292 2219 et
315 2154 409 2220 ditati
432 2157 464 2218 iu
488 2153 703 2238 Memmingcn
728 2155 879 2238 oppidum
902 2161 977 2219 sunt
1000 2155 1110 2236 effusi,
1148 2177 1252 2240 aquo
1275 2154 1412 2219 ulterius

259 2281 359 2343 usque
381 2258 510 2323 Ulrnam
532 2259 759 2322 descenderunt
782 2263 813 2323 et
835 2261 1043 2344 optimatibus
1066 2262 1167 2327 iuncti
1187 2259 1342 2324 felicitate
1365 2257 1411 2323 ci-

260 2365 487 2448 viligantem,
512 2363 710 2448 augmentati
733 2363 851 2444 liberis,
876 2367 1002 2446 amicis,
1026 2365 1157 2446 divitiis,
1181 2365 1268 2430 fama
1292 2369 1323 2428 et
1348 2363 1409 2428 ho-

261 2474 392 2534 nestate.

667 2678 1006 2766 Schermayerh

352 2835 705 2920 Schermayerensium‘
729 2841 822 2904 aucta
844 2839 967 2903 familia
988 2839 1044 2904 ubi
1067 2862 1125 2904 sua
1140 2839 1290 2904 hahuerit
1312 2839 1418 2923 prima

264 2943 357 3008 initia
380 2965 443 3006 non
467 2947 601 3020 constat,
625 2965 748 3026 semper
769 2946 876 3008 tamen
899 2929 1042 3010 honestis
1065 2945 1208 3030 personis
1230 2944 1340 3010 extitit
1364 2965 1418 3006 or-

263 3053 348 3112 nata.
396 3046 519 3112 Scimus
543 3052 646 3112 autem
673 3071 742 3113 eam
764 3050 980 3134 superioribus
1004 3052 1095 3116 annis
1120 3073 1158 3115 ex
1174 3049 1276 3114 nobili
1299 3047 1419 3132 oppido

264 3152 369 3216 Rheni
392 3150 602 3218 schaffhusen
625 3154 800 3217 ascendisse
823 3154 856 3217 in
880 3153 1106 3241 Memmingen‚
1129 3161 1161 3220 et
1182 3153 1229 3218 ihi
1251 3155 1336 3218 inter
1360 3173 1420 3236 op·

264 3261 392 3323 timatc's
414 3256 563 3322 habuisse
584 3259 682 3323 sedes.
729 3257 779 3322 Ex
809 3258 869 3323 hoc
901 3259 1030 3344 quidam
1053 3282 1130 3324 aevo
1153 3263 1263 3324 nostro
1287 3255 1419 3324 Ulmum

265 3364 398 3429 intravit
420 3386 490 3428 cunr
513 3385 577 3427 non
600 3363 715 3448 exigue
737 3363 934 3444 substantia,
958 3365 1168 3431 nobilioribus
1195 3363 1318 3428 civibus
1342 3383 1419 3426 con-

266 3470 364 3534 nubio
379 3470 506 3534 iunctus
523 3474 580 3548 est,
604 3469 711 3554 sicque
726 3469 758 3532 in
775 3468 880 3533 locum
897 3470 1092 3553 primatuum
1108 3469 1259 3550 ascendit,
1277 3489 1422 3536 crescens

266 3578 298 3640 et
319 3574 486 3659 proficiens
509 3574 543 3637 in
567 3573 641 3638 filiis
664 3572 697 3637 in
732 3574 892 3657 proprium
924 3581 956 3640 ct
988 3577 1160 3662 ingenuam
1183 3576 1315 3640 tribum.
1346 3597 1420 3639 nam

267 3703 346 3746 uxor
361 3682 427 3746 eius
450 3681 532 3746 sicut
546 3681 622 3746 vitis
637 3681 801 3745 abundans
817 3685 850 3746 et
866 3680 924 3745 filii
941 3680 990 3744 sui
1008 3681 1090 3746 sicut
1108 3681 1225 3745 novelli
1251 3681 1420 3756 olivarum,

836 3823 852 3860 rr

340 3929 350 3981 l
372 3924 487 3981 Hainzol
507 3923 627 3981 Schmid.
648 3924 733 3980 Wibl.
770 3925 899 3980 Haintzel
913 3923 1012 3979 Sohad.
1032 3922 1076 3978 Kl.
1114 3922 1153 3980 De
1177 3919 1421 3977 Hainalerensibus

268 4016 338 4072 Gok.
359 4031 405 4068 am
423 4012 525 4067 rande:
545 4011 682 4070 Heinalar.
717 4013 758 4068 De
772 4011 1030 4068 Haintulerensibus
1042 4010 1115 4066 tlon.
1128 4012 1152 4064 2.
1188 4007 1229 4064 De
1241 4007 1424 4064 Heinslaran·

268 4103 343 4156 sibus
365 4102 436 4155 Besa.
498 4099 662 4154 ‘illeinaler
682 4101 832 4170 antiquata
850 4099 963 4154 familia
981 4097 1049 4154 ook.
1071 4097 1142 4152 Besa.
1181 4093 1423 4151 Hainalerensiunr

271 4189 423 4258 antiquata
440 4187 553 4241 familia
565 4187 684 4244 Schmid.
704 4188 791 4243 Wibl.
843 4186 913 4242 abe
926 4184 1203 4254 Schermayransibus
1217 4183 1289 4239 Mon.
1306 4184 1330 4236 2.
1352 4182 1425 4236 Hem.
1458 4225 1461 4230 .

269 4279 311 4332 Do
339 4275 634 4343 Schermayerensibus
665 4276 733 4333 Gok.
786 4277 822 4331 ad
853 4276 1008 4346 marginem
1037 4275 1105 4330 Gok.
1134 4273 1234 4328 habet:
1267 4272 1424 4327 Schermar.

269 4362 577 4430 tschermayrensium
599 4364 670 4418 Mon.
690 4365 714 4417 2.
734 4363 819 4420 Wibl.
854 4361 1144 4431 Schermayercnsium
1164 4360 1264 4414 Schad.
1286 4359 1356 4416 Golr.
1378 4358 1423 4413 ΚΙ.

271 4451 343 4506 Bess.
380 4449 644 4504 Scharmaironsium
665 4449 785 4506 Schmid.
