3014 4926
683 309 893 406 ‚n

287 511 339 553 no
365 489 478 582 sepius
500 493 551 561 hie
573 497 750 562 contrarius
772 493 944 562 insurrexit
967 497 1089 576 ventus,

362 600 451 687 Ipsos
474 597 522 667 est
544 623 583 667 ne
605 601 723 670 lederet
745 596 898 668 diuinitus
921 601 1072 667 retentus.

465 911 567 1003 Quod
597 933 684 992 eves
712 917 931 991 salutabant
957 915 1101 990 iesum.

365 1123 465 1210 Super
487 1141 540 1191 eos
563 1123 667 1211 sepius
691 1137 827 1212 avesque
849 1120 1002 1191 volabant

363 1231 469 1316 Atque
492 1230 602 1297 Jesum
624 1247 760 1315 puerum
783 1249 891 1318 regem
914 1225 1108 1297 salutatam.

362 1334 511 1400 Humana
533 1354 608 1401 vooe
630 1339 802 1402 creatorem
824 1349 917 1401 suum
938 1337 1161 1421 cognoscentes

285 1458 337 1495 22⁸⁶
364 1439 550 1504 Adorabunt
571 1461 666 1524 super
690 1443 808 1505 terram
830 1455 902 1506 enm
924 1444 957 1506 et
978 1439 1135 1506 dieentes:

366 1544 453 1609 »Ave
476 1566 530 1610 rex
552 1549 584 1610 et
605 1545 731 1610 domine
755 1550 912 1610 terrarum
934 1547 966 1611 et
988 1545 1137 1624 celorum,

364 1647 440 1714 Jesu
462 1641 510 1713 fili
532 1649 667 1735 virginis
689 1655 814 1715 creator
834 1649 1042 1716 seculorum«

364 1753 424 1818 nst
446 1747 604 1838 quoddam
627 1769 727 1839 genus
749 1753 856 1818 avium
878 1757 1026 1840 epytaous
1054 1751 1211 1834 nocetum,

363 1857 433 1933 Hoc
455 1859 483 1924 ei
505 1857 687 1944 presagium
709 1863 758 1925 est
780 1883 799 1925 a
820 1863 937 1924 natura
959 1857 1079 1937 tntum,

286 1982 337 2022 ano
364 1962 454 2039 Quod
476 1963 617 2028 humana
639 1984 714 2030 voce
736 1979 826 2050 reges
848 1961 968 2030 mhrtat
989 1961 1175 2042 nuntiando,

362 2063 425 2145 Qui
446 2067 547 2133 futuri
570 2081 660 2154 reges
682 2073 758 2134 eunt
780 2067 904 2135 eosdem
926 2065 1104 2135 salutando.

469 2381 573 2467 Quod
602 2381 663 2456 via
689 2380 911 2458 abbreviata
938 2386 996 2456 est
1024 2382 1088 2457 eia.

362 2593 482 2678 Joseph
505 2597 610 2657 autem
633 2591 671 2656 ad
695 2591 804 2657 Jesnm
828 2591 875 2657 nit
896 2595 930 2657 et
950 2591 1103 2656 Mariam:

366 2698 512 2774 »Quanta
532 2697 618 2762 male
640 2695 724 2780 passi
746 2713 855 2762 sumus
877 2717 933 2762 vos
964 2697 1051 2762 scitis
1074 2714 1130 2781 per
1151 2695 1234 2760 hanc
1257 2695 1351 2762 viam.

362 2802 491 2868 Famem
514 2806 546 2867 et
567 2803 732 2886 penuriam
754 2803 841 2868 sitim
864 2807 896 2867 et
920 2789 1053 2881 labores,

284 2927 335 2964 2²⁹⁶
361 2909 497 2988 Montes,
520 2907 627 2986 valles,
650 2908 750 2988 devia,
773 2908 995 2992 latronumque
1017 2908 1158 2986 timores,

361 3009 514 3098 Fulgura,
537 3013 689 3092 tonitrua,
712 3013 954 3092 coruscationes,

363 3117 490 3182 Pluvias
511 3123 544 3182 et
565 3118 745 3203 grandines,
769 3123 801 3182 et
822 3118 897 3183 solis
920 3117 1070 3198 ustiones,

361 3224 503 3302 Deserta,
525 3221 720 3301 solitudines,
743 3227 903 3307 serpentes
925 3226 958 3288 et
980 3221 1139 3303 dracones,

361 3327 456 3393 Feras
478 3329 573 3412 etque
595 3327 723 3406 bestias,
746 3325 838 3411 hipos
857 3331 892 3392 et
913 3327 1027 3393 leones.

284 3451 335 3489 που
362 3433 460 3518 Ergo,
483 3433 572 3497 vobis
595 3431 622 3498 si
644 3433 779 3512 videtur,
803 3433 843 3497 sd
865 3455 952 3498 mare
974 3433 1178 3512 diverterem,

361 3535 407 3602 Ut
428 3538 507 3600 istus
530 3533 715 3602 solitudines
738 3537 839 3602 vitare
862 3537 1037 3618 valeamus;

361 3639 410 3706 Ibi
434 3639 536 3720 villus,
558 3641 702 3706 civitates
724 3647 757 3707 et
780 3643 864 3707 vicos
886 3643 1074 3722 invenimus,

360 3745 467 3831 Atque
489 3747 640 3811 victualia
662 3747 793 3812 emenda
815 3749 997 3832 reperimus.

360 3851 471 3937 Ibique
493 3870 549 3937 per
571 3849 714 3918 homines
737 3855 908 3919 transitum
930 3873 1074 3920 securum

282 3975 333 4012 2³0⁵
361 3955 556 4022 Habebimus
580 3962 611 4022 et
633 3957 809 4023 devitamus
832 3959 893 4024 iter
915 3959 974 4024 hoo
996 3965 1064 4024 tam
1086 3959 1229 4023 durum«

361 4060 450 4126 Tune
472 4061 603 4149 angelus
626 4064 776 4147 apparuit
797 4063 918 4148 Joseph
940 4061 1046 4130 dicens
1068 4063 1116 4129 ei:

363 4165 409 4231 »0
432 4166 561 4252 Joseph,
586 4167 634 4230 vir
656 4169 863 4248 sanctissime,
886 4187 975 4233 serve
997 4169 1111 4234 summi
1135 4169 1194 4247 dei,

363 4271 412 4335 'Pu
435 4293 473 4337 ex
495 4271 555 4336 hoo
576 4272 690 4338 itinere
712 4273 804 4360 gravi
827 4273 1036 4354 conturbaris,

360 4373 421 4439 Pro
444 4379 559 4462 tueque
581 4376 701 4443 familie
722 4377 832 4443 labore
854 4377 1028 4443 tribularis.
