2996 4924
656 345 698 412 37

100 627 211 712 Quod
247 627 365 702 Maria
398 629 506 723 virgo
541 652 626 704 raro
665 629 947 723 egrediebatur,
989 633 1028 702 et
1062 633 1107 704 de
1142 632 1253 705 modo

275 773 385 845 quern
416 750 581 825 hahebat
608 753 648 825 in
676 751 969 825 salutationibus
997 755 1085 827 suia.

261 939 299 1006 In
321 943 381 1008 hoc
404 947 510 1008 autem
534 942 668 1030 collegio
690 943 795 1008 Maria
816 944 1002 1009 morabatur

261 1045 384 1134 lugiter
405 1053 438 1113 et
460 1049 563 1114 rarius
585 1049 815 1134 egrediebatur,

260 1151 319 1218 Vel
342 1153 375 1218 in
398 1153 517 1238 templo
539 1153 659 1218 domini
680 1155 798 1218 mansit
821 1155 871 1219 vel
893 1155 927 1219 in
950 1155 1030 1220 cella

260 1257 339 1322 Eius
361 1257 536 1324 habitaculi
559 1259 696 1342 prudens
719 1259 777 1323 hec
799 1260 924 1345 puella;

199 1381 237 1417 ⁹0⁶
264 1359 338 1427 Alie
360 1363 415 1428 sed
439 1363 578 1447 virgines
600 1385 672 1428 oum
694 1364 924 1449 egrederuntur

263 1468 311 1532 Ad
334 1468 451 1534 amicos
475 1469 541 1533 sive
563 1473 664 1547 notos,
689 1473 725 1532 ut
748 1471 988 1536 consolarentur

262 1573 313 1637 Ab
335 1574 391 1653 eis,
414 1574 506 1659 virgo
528 1571 632 1637 Maria
653 1571 720 1637 sola
744 1574 937 1654 remanebat,

260 1677 380 1744 Domus
402 1683 498 1764 atque
520 1677 630 1762 templi
652 1677 702 1742 dei
725 1679 899 1744 custodiam
923 1681 1061 1745 tenebat.

261 1783 435 1870 Elysabsth
457 1789 594 1870 cognata
616 1805 673 1848 sua
695 1783 884 1868 quandoque
907 1785 1054 1850 veniebat

197 1909 236 1944 ⁹¹⁰
263 1887 448 1969 Jerusalem,
471 1910 543 1954 cum
565 1885 735 1953 Zacharias
757 1887 857 1972 ipsius
880 1889 929 1954 vir
952 1891 1086 1956 debebat

261 1991 355 2060 Vices
377 2015 450 2059 suas
473 2015 577 2080 agere,
601 1993 801 2059 sacerdotum
821 2017 928 2074 more;

259 2099 310 2165 Ad
333 2121 428 2184 quam
450 2099 520 2164 ibat
541 2099 645 2164 Maria
667 2099 717 2164 dei
740 2121 811 2164 cum
833 2099 948 2166 timore

259 2203 362 2290 Ipsius
387 2205 562 2292 Elysabeth
585 2205 626 2269 ob
648 2205 892 2283 dilectationem,

260 2311 367 2398 Atque
388 2315 519 2396 propter
543 2311 738 2395 virtutesque
761 2310 1027 2390 consolationem

194 2436 235 2474 ⁰¹⁶
260 2417 320 2484 Sed
342 2417 418 2483 illuc
440 2417 490 2483 vel
513 2417 591 2482 alias
614 2417 661 2482 ire
684 2437 756 2480 cum
779 2415 915 2495 volebat,

259 2523 415 2589 Decenter
437 2527 469 2588 et
491 2523 663 2608 composito
685 2522 780 2586 nimis
802 2522 976 2588 incedebat.

259 2627 375 2694 Omnes
397 2631 502 2693 motus
525 2630 620 2712 atque
640 2630 749 2712 gestus
771 2647 844 2691 suos
866 2629 1085 2712 componebat,

259 2733 366 2820 Atque
387 2735 436 2798 sui
459 2732 658 2818 disciplinam
681 2732 820 2816 undique
842 2733 980 2814 tenebat,

258 2837 372 2904 Erecta
393 2861 519 2903 sursum
541 2837 711 2922 procedens
734 2859 858 2921 semper
881 2836 1084 2918 ambulabat;

193 2963 232 3000 m
258 2943 377 3010 Tamen
400 2943 491 3009 valde
512 2943 670 3008 modicum
692 2946 788 3026 caput
810 2942 994 3023 inclinabat,
1128 3027 1133 3040 Ι

257 3049 301 3115 Et
322 3049 362 3114 ad
384 3053 502 3114 terram
525 3049 631 3114 oeulos
653 3049 753 3134 ipsius
778 3049 912 3129 reflexit,

259 3155 471 3220 Transeuntes
493 3154 637 3221 homines
659 3176 793 3240 raroque
815 3155 963 3239 respexit.

257 3259 331 3326 Non
354 3261 494 3326 habebat
515 3258 622 3324 oculos
645 3279 744 3345 vagos
766 3260 800 3323 in
823 3260 925 3325 eundo

260 3365 319 3432 Per
340 3367 489 3450 plateam,
512 3365 676 3430 continens
700 3366 801 3429 visum
824 3365 916 3430 corde
938 3367 1066 3430 mundo.

196 3487 233 3525 Μ
259 3467 292 3535 Si
313 3470 459 3536 fortassis
482 3469 596 3555 aliquis
619 3469 719 3555 ipsam
743 3469 914 3550 salutabat,

258 3575 310 3640 llli
331 3577 468 3642 multum
491 3581 670 3642 reverenter
691 3575 801 3641 statim
823 3576 998 3641 inclinabat

260 3681 393 3749 Dicens:
420 3679 506 3748 »Deo
528 3681 659 3768 gratias,
682 3681 805 3766 tibique
827 3705 889 3766 pax
912 3683 950 3747 de
973 3681 1087 3746 calisi«

259 3785 308 3851 Ita
329 3809 452 3873 semper
474 3787 662 3871 respondere
684 3787 806 3852 solebat
829 3787 886 3853 hec
908 3785 1021 3852 fidelis.

109 4009 214 4094 Quod
240 4018 316 4087 tam
344 3967 513 4090 extranei
540 4039 653 4112 quam
682 4017 763 4090 noti
791 4017 1002 4092 dilexerunt
1029 4019 1144 4092 talem
1174 4017 1245 4089 vir-

605 4163 742 4236 gruem.

262 4311 373 4379 Omnes
396 4315 451 4400 qui
474 4313 650 4382 Jerusalem
673 4316 803 4382 luerunt
825 4321 1065 4398 commorantes,

197 4431 237 4471 ⁹⁸⁰
262 4415 302 4482 nt
322 4441 377 4504 per
399 4421 579 4488 universam
601 4427 718 4489 terram
741 4421 878 4488 Judeam
900 4421 1093 4503 habitantes,
