3080 4938
168 4095 226 4129 eolo.

153 4139 200 4175 Ulrn
212 4141 240 4174 80.

790 326 832 390 44

236 501 361 565 dentem
385 522 459 564 vero
482 503 529 563 est
552 501 646 582 porta
662 497 922 584 Gdgglingensis,
946 498 1020 582 quia
1034 499 1122 564 ducit
1138 501 1171 564 in
1187 501 1298 566 villam
1314 526 1388 587 pro·
1517 535 1518 538 ¹

236 605 354 669 rimam
371 603 573 689 Gdgglingen
601 602 728 683 dictam,
753 625 849 688 quarn
872 603 963 667 inscii
979 605 1147 670 nominant
1163 604 1286 692 (lldglis
1302 607 1387 672 thor.
1517 671 1518 674 ,

235 709 303 774 brec
324 713 419 793 porta
441 708 565 772 firmam
590 729 693 772 arcem
716 709 869 773 habetet
896 713 1041 773 ornatam
1064 732 1155 775 cruce
1177 711 1328 796 gloriosa,
1351 713 1384 777 in

238 837 302 899 qua
325 814 421 878 etiam
444 815 589 878 custodes
612 817 645 877 et
668 813 823 877 tubicines
850 812 1003 898 vigilant,
1033 837 1105 899 quae
1128 815 1206 881 bene
1230 817 1389 883 diceretur
1517 805 1518 824 ,

237 923 330 1004 porta
352 916 537 995 Judiciaria,
563 919 639 1002 quia
661 922 752 983 extra
774 941 843 983 eam
866 918 912 983 rei
935 922 1126 1003 torquentur
1141 924 1173 984 et
1188 922 1386 986 occiduntur.

236 1022 275 1088 ln
298 1023 396 1088 latere
418 1021 618 1088 meridionali
646 1022 680 1086 in
703 1026 844 1086 extrema
874 1026 965 1106 parte
994 1022 1133 1088 civitatis
1161 1029 1274 1090 contra
1307 1025 1390 1090 occi·
1517 1017 1518 1040 ¹

237 1131 373 1206 dentem,
397 1151 416 1192 a
439 1151 503 1213 qua
521 1128 612 1192 seuit
635 1127 819 1205 Danubius,
854 1130 903 1192 est
925 1127 1023 1192 turris
1048 1127 1244 1194 Piscatorum
1266 1130 1334 1194 alta
1355 1134 1388 1194 et
1517 1197 1518 1226 ἶ

237 1233 340 1312 fortiS,
365 1256 436 1318 quae
458 1233 528 1297 ideo
551 1232 596 1297 sic
618 1253 733 1297 nomen
755 1231 862 1312 habet,
887 1233 962 1317 quia
984 1234 1074 1298 iuxta
1096 1257 1167 1300 eam
1190 1240 1267 1300 sunt
1289 1235 1385 1300 habi·
1517 1229 1518 1276 l

238 1339 375 1404 tationes
406 1339 600 1422 piscatorum
632 1337 851 1422 aquaticorum
884 1338 1086 1418 animalium,
1119 1342 1151 1403 et
1183 1340 1387 1424 piscatricum

238 1443 400 1508 fatuorum
425 1443 598 1507 hominum.
645 1441 792 1508 Cohaeret
822 1443 896 1508 huic
917 1443 1000 1507 turri
1024 1447 1208 1527 protensum
1231 1447 1388 1531 usquein
1517 1463 1518 1466 ’

242 1547 422 1611 Danubium
445 1545 639 1611 fortalicium
655 1546 784 1611 firmum
800 1569 872 1614 cum
887 1549 1032 1633 pluribus
1052 1551 1310 1636 propugnaculis,
1337 1551 1392 1615 ubi

239 1653 336 1718 etiam
348 1673 496 1736 unapars
510 1651 792 1728 Blauiidescendit
806 1675 862 1737 per
877 1652 1035 1718 fossatum
1050 1654 1188 1720 civitatis
1205 1655 1389 1740 labiturque

240 1781 295 1842 per
318 1757 424 1821 fauces
446 1755 636 1828 firmissimis
660 1757 806 1822 cancellis
830 1758 991 1823 conclusas
1008 1760 1039 1823 in
1057 1759 1241 1826 Danubium
1257 1761 1291 1825 in
1307 1760 1385 1826 civi-

240 1862 316 1928 tatis
339 1885 447 1926 cornu.
491 1861 544 1926 Ab
567 1863 623 1931 illo
646 1884 743 1927 cornu
776 1866 808 1926 et
839 1866 927 1928 turre
950 1862 1148 1930 Piscatorum
1172 1865 1333 1931 descendit
1354 1865 1389 1930 in

241 1991 325 2053 aqua
345 1967 486 2033 Danubii
510 1967 720 2052 profundatus
752 1988 877 2046 murus,
905 1967 991 2032 altus
1022 1972 1054 2033 et
1076 1970 1215 2054 spissus,
1245 1993 1329 2035 anno
1359 1971 1393 2035 in

241 2073 389 2138 chronica
422 2072 566 2157 sequenti
598 2073 725 2158 signato
762 2071 867 2137 factus
901 2071 960 2138 et¹
995 2097 1095 2140 novus
1136 2097 1247 2140 murus
1280 2077 1395 2156 dictus,
1423 2069 1428 2076 ’
1517 2145 1518 2154 ,

243 2180 317 2263 qnia
339 2179 492 2262 antiquus
516 2201 625 2242 murus
649 2178 793 2242 domibus
817 2182 849 2242 et
872 2177 1012 2244 aedificiis
1035 2180 1195 2246 invalidus
1218 2185 1251 2246 et
1265 2181 1394 2266 pervius

244 2283 306 2347 fnit
328 2281 442 2347 factus.
488 2280 561 2346 Stat
584 2285 689 2346 autem
711 2305 822 2350 murus
846 2285 900 2350 ille
922 2285 956 2350 in
979 2287 1180 2370 rapidissimo
1196 2288 1295 2353 fluvio
1319 2310 1394 2371 pro·

243 2393 352 2453 tensus
376 2410 474 2472 usque
497 2389 537 2452 ad
561 2387 701 2452 Danubii
724 2393 855 2472 pontem
878 2411 934 2474 per
958 2391 1021 2456 660
1042 2415 1163 2476 passus,
1186 2391 1346 2479 habetque
1359 2392 1394 2456 in

243 2494 344 2576 spisso
373 2493 412 2558 10
436 2493 529 2575 pedes
552 2513 751 2575 communes,
783 2497 816 2558 et
846 2493 994 2578 probibet
1024 2496 1064 2560 ab
1097 2519 1160 2561 una
1182 2501 1274 2580 parte
1297 2519 1396 2581 aquas

146 2592 180 2680 ἐξ,
196 2644 235 2674 Μ,
244 2597 384 2663 Danubii
408 2620 447 2661 ne
469 2597 503 2661 in
525 2597 687 2662 civitatem
710 2603 823 2680 ruant,
851 2599 892 2664 ab
915 2598 978 2664 alia
1009 2623 1084 2666 vero
1113 2624 1152 2666 ne
1175 2624 1267 2687 aquae
1291 2600 1396 2666 Blauii

244 2702 458 2768 extrafluant
481 2703 636 2786 usquein
661 2703 890 2770 locumsuum.
936 2703 974 2770 In
1005 2706 1068 2770 isto
1099 2729 1182 2772 novo
1204 2729 1297 2771 muro
1319 2710 1395 2772 sunt

246 2807 485 2894 propugnacula
507 2812 538 2873 et
554 2807 710 2873 fortalitia
725 2814 846 2894 septem
862 2814 984 2890 ornata,
1008 2815 1040 2876 et
1055 2803 1195 2876 culmina
1208 2812 1245 2876 ed
1264 2811 1394 2876 modurn

245 2915 392 2993 turrium,
416 2936 454 2978 ex
477 2913 592 2998 quibus
615 2913 798 2978 bombardis
821 2919 853 2978 et
876 2915 947 2978 aliis
969 2915 1080 2980 iaculis
1104 2917 1394 2981 contravenientes

245 3042 302 3104 per
324 3041 422 3103 aquas
446 3019 585 3084 defensio
609 3017 678 3082 fieri
700 3023 815 3102 potest,
838 3023 914 3084 sunt
937 3020 1033 3084 etiarn
1057 3021 1097 3084 ab
1113 3023 1204 3084 extra
1223 3019 1318 3084 multi
1333 3021 1394 3084 cir·

246 3125 308 3190 culi
325 3124 419 3188 ferrei
435 3124 474 3188 ad
490 3121 668 3208 alligandas
684 3146 789 3203 naves,
814 3129 845 3190 et
862 3126 935 3190 unci
950 3125 1055 3202 ferrei,
1073 3125 1106 3189 in
1122 3125 1239 3210 quibus
1254 3129 1396 3209 tempore

246 3251 434 3317 guerrarum
456 3233 642 3314 tegumenta
664 3251 827 3294 murorum
850 3229 999 3314 suspendi
1015 3233 1158 3313 possunt,
1181 3251 1221 3294 ne
1243 3231 1396 3294 machinis
1517 3211 1518 3266 l

247 3357 264 3400 e
280 3339 391 3399 contra
407 3333 519 3418 positis
535 3333 607 3398 laedi
623 3333 756 3416 possint,
774 3337 805 3396 et
820 3332 960 3416 plurima
975 3333 1132 3398 foramina
1145 3356 1204 3417 pro
1216 3335 1397 3400 emittendis

247 3441 358 3505 iaculis
379 3437 531 3523 lapidum.
576 3435 613 3500 In
638 3437 740 3502 medio
764 3437 846 3500 muri
869 3441 945 3502 sunt
967 3441 1105 3522 quatuor
1129 3439 1222 3518 ostia,
1245 3461 1303 3523 per
1325 3461 1396 3524 quae

169 3527 171 3530 Ι
248 3545 380 3608 Blauius
404 3544 441 3607 de
463 3543 541 3607 urbe
564 3563 731 3626 erumpens
747 3543 780 3606 in
796 3542 980 3607 Danubium
1001 3543 1130 3608 labitur.
1176 3543 1279 3628 Supra
1295 3545 1396 3608 maius

250 3650 355 3714 Blauii
378 3648 493 3712 ostium
518 3634 565 3714 est
588 3649 685 3712 turris
698 3645 721 3726 ²,
746 3647 780 3711 in
805 3670 868 3731 qua
890 3669 1012 3730 semper
1035 3652 1140 3712 custos
1164 3647 1334 3726 auscultat,
1361 3651 1396 3711 ut

249 3757 302 3821 det
318 3776 467 3838 responsa
484 3752 695 3818 clamantibus
712 3775 750 3816 ex
773 3752 836 3816 alia
850 3755 941 3836 parte
955 3751 1114 3830 Danubii;
1139 3751 1298 3837 contingit
1314 3751 1397 3816 enirn

249 3881 341 3944 saepe,
365 3862 401 3922 ut
423 3858 494 3943 quis
515 3861 645 3942 propter
669 3858 808 3942 aliquam
833 3879 961 3922 eausam
984 3879 1048 3922 non
1072 3857 1149 3922 velit
1178 3880 1235 3940 per
1266 3861 1393 3941 pontem

249 3971 281 4031 et
303 3968 427 4049 portam
452 3963 613 4029 civitatem
634 3963 766 4043 intrare,
790 3968 822 4028 et
844 3963 918 4029 talis
937 3964 964 4028 si
979 3964 1165 4028 clamaverit
1181 3964 1218 4028 ad
1236 3963 1397 4028 custodem

248 4069 350 4146 illum,
373 4067 504 4153 navigio
527 4068 704 4133 transducit
725 4091 798 4133 enm
813 4069 916 4153 pretio
932 4074 1066 4153 recepto.
1090 4068 1135 4133 sic
1151 4069 1206 4153 qui
1228 4069 1398 4154 negligunt

815 4203 833 4243 s

321 4303 450 4361 lNorus
469 4320 565 4357 murus
582 4319 629 4358 am
641 4303 730 4359 rande
748 4302 810 4358 Sch.
823 4303 898 4360 Mon.
912 4303 935 4358 1.
1006 4302 1096 4358 2Der
1114 4319 1135 4356 s.
1155 4319 1182 4372 g.
1200 4297 1305 4358 einlass.
1343 4299 1395 4354 Der

250 4391 347 4446 thurin
365 4390 460 4446 wurde
479 4401 536 4444 eret
553 4389 582 4444 in
601 4407 728 4446 anserem
743 4390 935 4462 jahrbundert
954 4390 1159 4462 abgebrochen.
