3014 4926
789 352 851 421 140

659 635 782 709 Tenon
808 635 975 731 epistole.

401 843 551 929 Abgarus
573 840 737 909 Vcchanie
758 843 844 909 filius
867 842 1058 930 'Phcparoha

400 949 490 1014 Bono
513 947 590 1015 Jesu
611 949 763 1014 salvatori
785 950 840 1034 qui
863 953 912 1014 est
933 950 1116 1033 patriarcba

400 1053 532 1119 Manena
555 1055 588 1118 in
611 1052 788 1119 Jerusalem
810 1054 928 1120 finibus
949 1055 1094 1120 salutem.

400 1159 449 1225 De
471 1164 504 1224 te
526 1181 583 1224 nos
606 1159 784 1224 audivimus
807 1159 977 1244 plurimam
1000 1161 1162 1242 virtutem,

324 1285 375 1323 roae
401 1263 503 1341 Quem
524 1265 602 1330 facis
624 1266 657 1329 in
681 1265 847 1346 debilibus,
870 1264 1006 1330 infirmis
1028 1269 1061 1331 et
1082 1252 1211 1352 egrotis,

400 1369 525 1435 Alienis
546 1373 579 1434 et
602 1369 797 1455 propinquis,
821 1370 906 1435 notis
929 1373 961 1435 et
982 1370 1112 1456 ignotis,

401 1473 493 1551 Quod
516 1475 584 1540 sine
604 1474 820 1554 medicamine,
844 1475 1002 1540 radicibus
1025 1480 1058 1541 et
1079 1475 1197 1556 herbis,

404 1578 502 1644 Curae
525 1579 719 1665 egritudines
741 1579 817 1644 solis
840 1583 967 1645 tantum
988 1579 1120 1646 verbis.x

402 1682 489 1750 Oecis
511 1685 614 1751 visum
636 1707 775 1770 reparas,
798 1687 895 1750 mutis
917 1686 972 1751 das
994 1685 1163 1771 loquelam,

326 1807 378 1846 roas
405 1787 515 1855 Surdis
538 1813 628 1856 aures
650 1813 780 1871 reseras,
803 1789 929 1856 auditus
952 1790 1030 1855 dans
1052 1789 1216 1870 medelam,

403 1895 538 1960 Olaudos
560 1897 638 1960 facis
661 1896 833 1976 ambulare,
856 1896 1051 1980 mundasque
1074 1897 1222 1981 leprosos,

403 1999 501 2084 Ejicis
524 2001 678 2082 demonia,
700 2023 794 2067 sanas
815 2000 962 2082 furiosos,

403 2103 502 2170 Curae
524 2105 724 2192 paralyticos,
747 2105 799 2171 his
821 2107 954 2172 reddens
976 2105 1155 2184 sanitatem,

403 2209 609 2296 Mortuosque
630 2213 763 2277 suscitas
785 2233 841 2296 per
863 2215 952 2276 tuam
974 2214 1174 2296 potestatem.

325 2335 376 2372 4000
404 2314 520 2383 Omnes
543 2317 738 2403 egritudines
759 2320 795 2381 tu
818 2337 909 2382 curas
932 2320 965 2382 et
985 2317 1173 2402 languores,

404 2421 611 2489 infirmitates
633 2423 748 2503 varias,
770 2422 901 2488 morbus
923 2425 956 2487 et
977 2422 1110 2487 dolores.

403 2525 471 2592 Ista
492 2532 529 2592 tu
551 2549 623 2593 cum
645 2527 754 2608 facias,
777 2526 869 2592 credo
892 2526 976 2610 quod
998 2525 1042 2591 sis
1063 2525 1149 2606 deus,

403 2630 476 2697 Sive
498 2633 548 2698 dei
570 2632 665 2712 filius,
688 2633 773 2718 quod
795 2632 911 2717 impius
934 2629 1054 2697 Judeus

403 2735 478 2802 Non
501 2737 609 2818 credit,
632 2760 703 2802 cum
726 2740 764 2802 tu
785 2736 908 2802 veneris
931 2757 1039 2801 eorum
1061 2737 1103 2802 ob
1125 2737 1261 2802 salutem

327 2859 378 2898 4000
405 2843 453 2907 De
476 2842 550 2908 celis
573 2847 669 2927 atque
690 2843 787 2908 facias
809 2842 843 2906 in
865 2841 910 2906 eis
932 2841 1015 2906 banc
1036 2841 1198 2907 virtutem.
1266 2833 1272 2844 ’

405 2946 509 3032 Igitur
531 2951 563 3012 te
585 2948 744 3033 deprecor,
768 2951 923 3032 quatenus
945 2946 1086 3032 digneris

405 3051 456 3116 Ad
477 3074 528 3116 me
550 3052 658 3117 venire
681 3073 738 3116 nec
760 3051 793 3115 in
816 3051 876 3117 hoc
897 3055 930 3116 te
951 3073 1030 3137 rogo
1052 3051 1225 3137 pigriteris,

405 3155 453 3223 Ut
475 3156 516 3222 ab
539 3156 718 3242 egritudine
740 3179 803 3242 qua
825 3157 880 3221 diu
901 3156 965 3220 iam
988 3157 1098 3222 laboro

404 3259 458 3327 Me
479 3283 579 3341 cures,
602 3261 663 3327 hoc
684 3261 869 3346 suppliciter
891 3283 910 3326 a
933 3264 965 3326 te
985 3261 1121 3327 clemens
1143 3283 1248 3328 exoro.

329 3387 381 3424 4040
407 3365 503 3432 Mitto
527 3367 687 3447 victualia,
710 3370 871 3432 vecturam
894 3371 926 3431 et
948 3387 1108 3451 expensas,

407 3470 514 3558 Atque
535 3473 710 3538 necessaria
731 3493 787 3556 per
809 3471 894 3536 riam
917 3475 949 3536 et
970 3472 1137 3556 impensas.

406 3577 515 3642 Etiam
536 3578 597 3643 hoc
621 3578 724 3656 audio,
747 3577 831 3661 quod
853 3580 885 3641 te
907 3580 1113 3662 persecuntur

405 3680 509 3762 Judei,
533 3704 590 3748 nec
612 3705 675 3747 non
698 3681 758 3746 tibi
779 3685 913 3746 mortem
936 3681 1053 3747 inferre
1076 3683 1266 3762 moliuntur3

407 3787 457 3852 Ad
479 3809 537 3853 nos
557 3809 634 3872 ergo
655 3787 763 3853 venias
784 3789 821 3851 tu
843 3807 893 3851 mc
915 3791 1092 3866 curaturus,

329 3913 380 3949 4040
407 3891 487 3967 Quia
508 3914 630 3957 mecum
652 3892 850 3977 permanebis
873 3895 1025 3977 perpetuo
1048 3913 1175 3957 securus

406 3997 527 4062 Eorum
549 3997 589 4061 ab
612 3996 734 4062 insidiis
756 4001 789 4062 et
811 3996 1022 4081 malignitate,

407 4101 508 4176 Quam
530 4101 705 4166 moliuntur
726 4105 837 4166 contra
859 4105 891 4166 te
913 4123 985 4166 cum
1006 4101 1186 4186 iniquitate.

407 4204 489 4269 Mihi
511 4227 586 4270 nam
608 4209 656 4270 est
677 4207 788 4271 civitas
810 4229 918 4291 parva,
941 4206 995 4271 aad
1017 4205 1161 4285 honesta,

405 4309 450 4377 Et
471 4309 597 4376 habitat
618 4309 651 4376 in
675 4331 711 4377 ea
733 4331 811 4399 gens
833 4311 969 4399 prudens
992 4314 1025 4377 et
1047 4311 1197 4380 modesta.
