3014 4926
763 281 826 352 leo

561 585 616 660 De
642 584 788 680 legione
816 583 1027 659 demonum.

381 777 486 844 Homo
508 776 638 862 quidem
660 775 805 861 plurimis
827 777 980 842 demoniis
1003 777 1158 856 obsessus,

381 881 433 948 Ab
455 882 532 968 ipris
556 903 681 967 quoque
702 883 841 948 maxime
862 881 986 968 flagitio
1009 902 1182 966 perpessis,

380 986 433 1053 Ad
454 985 565 1052 Jesum
586 987 673 1051 venit
694 991 727 1051 et
748 1009 821 1052 eum
844 1009 962 1071 pronus
985 985 1138 1066 odoravit,

305 1113 356 1152 θεοῦ
383 1089 445 1159 Sed
467 1091 637 1156 multitudo
660 1090 825 1156 demonum
850 1092 890 1156 ed
912 1092 1015 1176 ipsum
1038 1091 1242 1156 exclamavit:

386 1196 487 1275 »Quid
510 1199 558 1262 est
579 1195 670 1260 nobis
693 1199 788 1280 etque
810 1195 870 1260 tibi
892 1217 1067 1276 commune,
1091 1217 1145 1260 rex
1168 1193 1316 1273 celorum,

383 1301 460 1369 Jesu
482 1299 610 1378 Christi,
634 1299 681 1364 fili
703 1300 763 1380 dei,
785 1303 907 1366 creator
929 1302 1130 1366 seculorum?

384 1405 469 1472 Ante
491 1410 613 1491 tempus
636 1409 671 1470 tu
695 1405 820 1486 venisti,
843 1404 950 1471 volens
972 1428 1030 1470 nos
1053 1411 1210 1490 torquere,

384 1511 428 1576 Et
449 1509 549 1574 totius
570 1510 648 1574 iuris
671 1510 772 1574 nostri
795 1510 997 1594 cyrografum
1019 1511 1161 1576 deleret«

306 1637 357 1674 που
383 1615 476 1681 Jesus
498 1619 614 1695 eutem,
637 1619 674 1680 ut
695 1619 845 1693 tacerent,
866 1615 944 1699 ipsis
966 1615 1144 1699 imperavit,

383 1721 430 1788 Ut
451 1719 574 1786 exirent
595 1720 636 1784 cb
658 1719 767 1784 eodem
789 1719 927 1798 homine,
951 1719 1122 1784 mandavit.

385 1825 444 1892 Sed
468 1823 552 1910 quod
574 1845 625 1888 eos
648 1823 797 1902 mitteret,
819 1822 880 1888 hoc
902 1823 1048 1889 demones
1070 1824 1228 1904 timentes,

383 1929 422 1996 ln
443 1929 592 2008 abissum,
615 1931 808 2013 rogavenmt
829 1927 933 2013 ipsum
956 1929 1014 1994 hec
1035 1928 1192 1994 dicentes:

388 2035 453 2101 »Te
475 2056 634 2121 rogemus,
658 2055 698 2100 ne
719 2054 777 2099 nos
798 2033 909 2100 mittes
930 2038 1022 2099 extre
1042 2033 1204 2119 regionem

309 2159 359 2198 ³⁹⁰⁶
386 2139 454 2206 Nec
475 2140 509 2204 in
531 2137 681 2225 profundi
703 2138 824 2203 berctri
846 2138 1112 2204 desolationem<

386 2244 479 2311 Jesus
501 2241 609 2308 cited
631 2263 702 2307 eos:
728 2239 837 2318 »Quod
859 2246 908 2308 est
929 2263 1043 2308 nomen
1065 2243 1198 2310 vobis?‹

386 2348 645 2434 Responderunt:
671 2345 798 2433 »Legio
821 2369 935 2413 nomen
958 2347 1018 2412 hoc
1040 2351 1088 2414 est
1110 2349 1233 2430 nobis«,

386 2453 467 2532 Quia
488 2453 654 2538 sexaginte
676 2473 730 2518 sex
753 2473 809 2518 sex
830 2453 919 2517 milio
940 2453 1079 2518 sexcenti

385 2559 542 2624 Demones
564 2562 775 2624 convenerunt
796 2558 857 2624 hoc
879 2558 1007 2624 homine
1028 2558 1164 2635 detenti;

309 2684 360 2721 ³⁰¹⁰
387 2662 448 2730 Sed
470 2669 546 2729 tunc
567 2683 664 2747 prope
685 2660 789 2728 locum
811 2661 902 2727 illum
925 2661 1011 2746 porci
1034 2663 1261 2747 pmcebentur3

389 2768 476 2854 Ergo
497 2767 607 2833 Jesum
629 2767 775 2832 demones
798 2767 935 2833 dicentes
957 2767 1186 2852 precabuntur:

391 2871 494 2938 »Hinc
516 2872 544 2938 si
565 2875 602 2937 tu
623 2894 681 2938 nos
703 2873 799 2958 ejicis,
822 2872 970 2957 permitte
991 2894 1049 2938 nos
1071 2873 1191 2940 intrare

388 2976 503 3043 Porcus
525 2978 612 3057 istos,
636 2977 723 3043 etin
746 2978 791 3044 eis
814 2980 982 3063 utrumque
1005 2977 1160 3043 latitare«

389 3081 459 3148 Hoc
480 3081 624 3166 permisit
646 3080 709 3146 illis
731 3080 834 3162 Jeens,
858 3085 891 3146 et
912 3081 1022 3146 stetim
1043 3083 1244 3150 intraverunt

310 3205 362 3244 uu
390 3184 427 3250 In
449 3207 560 3271 porcos
582 3186 654 3252 illos
676 3189 709 3252 et
730 3209 783 3252 eos
805 3187 1073 3272 precipitaverunt

388 3290 426 3357 ln
448 3291 548 3356 undes
569 3291 665 3358 meris
688 3296 721 3358 et
741 3297 832 3358 erent
853 3293 961 3378 gregis
983 3293 1122 3359 universi

391 3395 560 3461 Porcorum
582 3397 644 3462 duo
666 3397 755 3462 milis
777 3398 832 3482 qui
855 3403 930 3463 sunt
951 3398 998 3464 ibi
1020 3399 1123 3464 mersi.

391 3501 480 3566 Tunc
502 3501 551 3566 vir
573 3502 627 3587 qui
650 3525 670 3567 c
692 3503 835 3569 demonio
858 3503 921 3568 fuit
942 3503 1106 3568 absolutus

391 3604 503 3672 Grates
525 3605 618 3672 Jesus
641 3607 750 3673 retulit
772 3608 868 3674 soluti
890 3609 1066 3674 restitutus.

427 3835 532 3920 Quod
558 3836 668 3909 Jesus
695 3838 893 3910 suscitavit
918 3839 1036 3911 filium
1063 3835 1185 3910 vidue.

314 4045 364 4083 sen
390 4023 442 4090 Ad
464 4025 625 4090 civitatem
647 4026 716 4092 ibet
737 4026 829 4092 Jesus
852 4027 958 4112 Neym
980 4049 1042 4112 que
1064 4031 1194 4092 vocetur

393 4132 436 4195 Et
457 4131 561 4215 ipsum
583 4153 700 4216 magne
721 4133 892 4198 multitudo
914 4131 1015 4218 plebis
1035 4131 1243 4220 sequebatur3

304 4315 539 4412 occsurum.
795 4273 813 4314 *
