3026 4934
605 1351 830 1436 INIIAL'P.

141 1557 265 1616 Veri-eds
283 1577 306 1614 s.
326 1561 351 1614 3.

140 1645 209 1700 vim
229 1647 309 1703 beate
328 1647 446 1718 virginis
465 1647 553 1704 Merie
571 1647 739 1717 rhythmice.

651 1805 667 1872 I
690 1806 782 1873 buoh.

139 1927 243 1998 Incipit
260 1928 393 2000 prologus
411 1931 436 1984 9.

140 2013 244 2086 Incipit
261 2015 324 2070 rite
340 2015 463 2085 gloriose
481 2013 598 2086 virginis
612 2015 699 2071 Muris
717 2019 746 2070 st
764 2015 896 2072 emebilis
914 2015 1014 2070 metris
1026 2015 1092 2071 Jesu
1105 2016 1157 2071 lilii
1177 2017 1224 2072 clei
1246 2018 1286 2074 10.

140 2099 219 2168 Quod
237 2102 329 2158 Murio
347 2102 428 2173 virgo
445 2102 618 2159 annuntiate
635 2103 691 2158 luit
709 2104 785 2174 putri
803 2121 852 2160 suo
864 2103 990 2160 Joeehim
1008 2120 1058 2174 per
1077 2104 1210 2174 angelum
1229 2105 1286 2160 Re·

210 2189 339 2260 phuelem
359 2191 400 2245 14.

140 2275 218 2342 Quod
231 2277 312 2348 virgo
323 2277 415 2333 Morio
427 2278 600 2335 aununtiate
611 2278 667 2334 fuit
679 2279 765 2335 metui
777 2296 826 2334 sue
837 2295 887 2349 per
901 2279 1035 2348 angelum
1048 2279 1222 2350 Repheelem
1243 2281 1286 2336 18.

139 2365 180 2421 De
198 2365 376 2436 conceptione
394 2365 513 2437 virginis
531 2367 619 2423 Meris
638 2369 667 2422 et
684 2366 822 2423 infusione
840 2366 934 2422 enims
952 2366 1010 2421 eius
1028 2367 1071 2424 20.

138 2451 216 2519 Quod
234 2451 323 2508 liurie
341 2452 421 2524 virgo
439 2454 470 2508 in
487 2456 567 2510 utero
585 2454 685 2510 metris
703 2454 894 2510 seuotifieetur
912 2455 955 2508 21.

138 2539 180 2594 De
197 2540 352 2598 nativitate
369 2541 451 2598 boote
470 2541 588 2613 virginis
606 2543 693 2598 Mario
710 2545 753 2598 21.

138 2625 287 2684 Guntioum
304 2629 431 2686 Josohim
450 2631 540 2701 putris
559 2630 660 2686 Senute
678 2632 768 2686 Moris
786 2633 828 2686 21.

137 2715 286 2774 Guntioum
306 2719 388 2774 Anne
406 2719 506 2774 metris
525 2717 613 2774 Morio
630 2719 660 2773 in
678 2719 833 2774 netivitste
850 2718 907 2774 fllie
924 2734 972 2772 sus
989 2719 1031 2773 22.

141 2805 181 2862 De
199 2805 357 2876 signisque
375 2811 567 2878 apparuerunt
580 2805 614 2860 tn
632 2805 786 2860 netivitote
805 2809 901 2862 senote
920 2805 1007 2860 Muris
1025 2806 1068 2861 23.

139 2893 217 2960 Quod
235 2897 366 2964 petentes
384 2894 513 2949 tulerunt
532 2893 652 2948 Heriem
669 2893 699 2948 in
717 2894 872 2951 Jerusalem
891 2897 933 2950 23.

138 2981 217 3046 Quod
235 2980 327 3037 lieris
343 2985 493 3052 postquem
512 2982 658 3037 ebleototo
676 2986 720 3037 est
738 2983 825 3038 ductu
842 2986 885 3038 eet
902 2981 932 3038 iu
949 2981 1105 3038 Jerusalem
1123 2983 1166 3036 24.

137 3067 216 3134 Quod
235 3067 338 3134 lieris,
360 3086 422 3124 cum
440 3072 547 3140 septem
568 3087 704 3126 annorum
723 3075 803 3136 esset,
823 3073 986 3141 presentato
1003 3071 1046 3126 est
1061 3069 1091 3123 in
1110 3069 1219 3139 templo
1239 3070 1282 3123 23.

137 3155 179 3210 De
196 3155 353 3226 virginibus
370 3155 472 3226 quibus
489 3158 627 3214 smooiute
644 3160 688 3213 est
707 3157 786 3228 virgo
808 3158 897 3214 Meris
914 3159 958 3212 26.

136 3243 214 3310 Quod
234 3243 325 3300 Morio
342 3245 499 3301 excellebst
517 3263 611 3303 omnes
630 3246 718 3302 socies
736 3262 800 3300 sues
819 3245 972 3300 virtutibus
989 3247 1031 3300 28.

135 3326 177 3385 De
194 3329 375 3402 dispositione
393 3333 514 3406 eorporis
531 3337 628 3390 saneto
647 3334 735 3390 Meris
752 3337 782 3390 et
800 3335 874 3389 mire
890 3333 1101 3405 pulchritudine
1119 3331 1178 3386 eius
1196 3331 1238 3386 30.

135 3417 177 3474 De
194 3418 355 3489 eloquentie
376 3421 493 3492 virginis
513 3421 600 3478 Merie
619 3423 661 3478 32.

135 3505 213 3571 Quod
233 3506 324 3562 lieris
342 3508 423 3578 virgo
441 3509 583 3566 mrissime
599 3511 744 3568 oonmovil
760 3513 850 3568 ridere
868 3513 910 3568 33.

135 3593 213 3660 Quod
231 3595 324 3652 Meris
347 3595 426 3668 virgo
444 3615 551 3670 semper
570 3599 736 3656 intendebat
755 3600 834 3658 bonis
853 3600 983 3670 operibus
1000 3599 1042 3655 34.

134 3680 213 3748 Quod
230 3683 322 3739 Meris
340 3685 420 3756 virgo
438 3686 566 3742 omnibus
584 3686 687 3743 dilecte
705 3687 762 3742 fuit
779 3689 822 3743 35.

134 3770 211 3838 Quod
231 3771 323 3828 Muris
340 3789 390 3844 per
407 3776 511 3830 sortem
530 3775 620 3832 eleeto
638 3777 681 3830 est
698 3775 729 3830 iu
746 3775 874 3846 reginem
892 3775 934 3832 36.

134 3857 212 3924 Quod
231 3857 323 3914 lteris
341 3859 422 3931 virgo
440 3878 503 3918 roro
522 3861 720 3932 egrediebatur
737 3865 780 3920 37.

133 3945 210 4012 Quod
229 3951 291 4002 tom
310 3948 436 4004 extrensi
453 3967 538 4020 quem
556 3951 617 4006 noti
635 3950 794 4006 dilexerunt
812 3953 900 4008 telem
918 3951 1057 4021 virginem
1074 3950 1118 4006 37.

132 4034 173 4091 Ds
190 4035 328 4093 moesto
345 4037 418 4106 quod
437 4036 559 4107 virgines
576 4041 654 4094 stete
671 4037 729 4093 iem
747 4039 858 4096 nubiles
876 4039 983 4110 nuptiis
1001 4038 1181 4094 truderentur
1198 4038 1242 4094 33.

131 4121 210 4190 Quod
228 4123 314 4179 multi
331 4125 445 4181 iuvenes
462 4125 660 4182 desiderabunt
678 4127 800 4182 Meuium
819 4128 957 4198 virginem
976 4127 1006 4182 in
1025 4126 1172 4196 coniugem
1189 4125 1232 4180 39.

131 4211 210 4278 Quod
229 4213 373 4283 pontifioes
391 4215 597 4272 mundaverunt
616 4213 704 4271 lieris
723 4215 797 4286 quod
816 4215 935 4285 eligeret
954 4213 1009 4270 sibi
1029 4214 1121 4268 virum
1141 4213 1184 4268 82.

131 4299 211 4366 Quod
230 4299 321 4357 llario
338 4301 478 4370 reeusarit
495 4303 628 4360 meritum
646 4305 690 4359 ⁴0.

130 4387 210 4460 Quod
227 4389 383 4448 eeoerdotes
401 4391 580 4448 mirsbentur
597 4391 632 4448 de
649 4390 809 4462 eloquentis
829 4389 946 4461 virginis
965 4389 1053 4446 Muris
1069 4389 1113 4446 42.
