3060 4936
707 367 770 432 217

163 543 307 630 quadam
320 566 409 610 arma
424 542 539 608 bellica
554 541 662 624 habet,
679 545 717 610 ut
733 546 842 608 acutas
857 565 990 626 secures,
1008 543 1125 629 quihus
1141 543 1318 612 Amazones

163 649 414 736 proeliabantur‚
444 653 482 714 ut
504 645 662 734 Virgilius
693 654 725 714 et
748 647 902 716 Horatius
924 650 1046 716 hahent
1068 655 1101 716 et
1123 651 1158 716 in
1181 649 1319 716 historia

160 753 318 842 Augusta
351 753 587 820 Vindelicorum
615 754 709 840 plene
740 753 938 838 exprimitur.
986 755 1202 821 Amazonibus
1233 757 1318 823 enim

163 859 324 928 Rhaetiam
346 865 379 926 et
393 858 542 926 Sueuiam
565 860 726 946 ingressis,
749 861 898 927 timentes
914 860 1009 928 Suari
1031 884 1140 928 earum
1162 863 1318 928 saevitiam

163 967 203 1033 ad
226 971 378 1032 montena
401 965 534 1052 Alpium
557 965 819 1052 transfugerunt,
847 988 1011 1052 quousque
1034 967 1210 1033 Amazones
1233 989 1318 1034 rece·

163 1073 289 1152 (terent,
323 1072 430 1157 sicque
460 1077 534 1156 post
563 1093 672 1137 earum
706 1093 864 1138 recessum
896 1077 1087 1138 revenerunt
1116 1077 1149 1138 et
1178 1073 1319 1140 munitas

163 1177 319 1245 aedificare
350 1177 496 1242 civitates
526 1181 700 1262 coeperunt.
756 1177 876 1243 Dicunt
911 1183 944 1244 et
974 1179 1104 1263 quidam
1136 1178 1221 1263 quod
1254 1178 1318 1244 illoe

168 1285 342 1349 Amazones
358 1303 483 1348 sacrum
498 1281 610 1348 Dianae
630 1287 662 1348 et
676 1282 789 1348 fanum
804 1281 1030 1370 Nympharum
1044 1285 1124 1364 loco,
1148 1284 1205 1349 ubi
1220 1281 1318 1350 Ulma

162 1388 258 1455 hodic
273 1393 331 1469 ast,
354 1409 451 1472 super
466 1388 569 1454 ulmos
584 1389 830 1470 aedificaverunt,
853 1390 935 1456 sicut
957 1395 989 1456 et
1004 1390 1038 1454 in
1054 1389 1184 1475 Epheso
1206 1389 1317 1456 fecisse

163 1495 324 1582 leguntur.

257 1597 400 1665 ¹Sueviae
423 1604 530 1666 autem
553 1599 633 1666 situs
656 1599 709 1666 hic
731 1606 796 1667 est:
820 1605 879 1668 eto.

254 1810 346 1878 Gold.
371 1811 392 1876 l.
415 1807 431 1876 I
454 1833 479 1878 c.
506 1811 556 1876 11.
603 1809 778 1878 Suevorum
801 1813 841 1876 ad
864 1811 958 1877 fidem
974 1810 1137 1876 conversio
1152 1807 1205 1876 Fr.
1223 1831 1247 1874 s.
1265 1797 1332 1890 91,'

165 1943 190 1985 z.
215 1921 245 1984 4.
292 1915 378 1983 Ulm.
403 1939 428 1981 s.
453 1915 506 1996 20,
529 1939 555 1980 z.
579 1917 631 1982 34.

253 2023 286 2088 10
317 2027 454 2106 utroque
487 2019 628 2106 quotidie
660 2019 768 2085 divina
783 2020 993 2086 celebrantur.
1047 2017 1176 2106 Majus²
1207 2041 1319 2084 mona·

167 2129 300 2195 sterium
330 2126 532 2213 quodmodo
555 2125 755 2191 inhabitatur
779 2149 834 2212 per
857 2125 989 2204 fratres,
1013 2129 1230 2191 constructum
1253 2123 1318 2189 fuit

165 2258 221 2320 per
245 2238 391 2300 sanctum
407 2231 617 2298 Wilhelmum
640 2232 789 2298 abbatem
812 2233 952 2298 eiusdem
975 2232 1047 2312 loci,
1071 2236 1104 2296 et
1125 2253 1183 2316 per
1206 2252 1319 2296 manus

164 2342 225 2408 sub
253 2342 320 2406 eius
350 2338 531 2405 obedientia
561 2336 773 2403 militantium
805 2358 889 2404 anno
919 2359 1004 2402 nono
1027 2337 1220 2422 completum
1243 2334 1317 2416 fuit,

167 2446 288 2512 decimo
320 2449 536 2511 consecratum
567 2443 601 2509 in
632 2442 753 2509 honore
784 2447 967 2510 sanctorum
990 2443 1207 2530 apostolorum
1229 2439 1315 2508 Petri

166 2555 199 2618 et
222 2550 315 2616 Pauli
338 2555 370 2616 et
393 2550 496 2616 sancti
511 2547 635 2615 Aurelii
659 2549 798 2634 episcopi
820 2552 852 2614 et
874 2549 1073 2629 confessoris,
1097 2548 1210 2632 inquo
1234 2569 1317 2633 prm-

167 2658 254 2722 latus
283 2655 416 2722 heatus³
448 2654 641 2720 Wilhelmus
679 2655 713 2720 in
745 2655 848 2720 medio
879 2653 1017 2721 ecclcsiae
1050 2653 1227 2719 tumulatus
1258 2656 1318 2718 est.

165 2763 244 2829 Fuit
253 2765 360 2828 autem
371 2761 553 2848 postulatus
565 2761 598 2824 in
607 2761 757 2826 abbatem
768 2783 805 2826 ex
814 2760 1007 2826 monasterio
1019 2759 1121 2826 sancti
1132 2757 1317 2825 Emmerani

119 2953 123 2963 .
165 2891 204 2934 ex
227 2865 415 2934 Ratisbona.
461 2865 543 2934 Sunt
566 2870 675 2934 autem
697 2865 792 2932 hodie
814 2866 860 2931 ibi
883 2866 1033 2952 degentes
1057 2863 1142 2930 etc‘

253 3076 344 3144 Gold.
369 3077 391 3141 l.
407 3075 424 3142 I
438 3099 464 3142 c.
483 3077 523 3142 12
540 3077 578 3142 00
592 3075 754 3143 Friderioc
770 3076 963 3163 imperatore
978 3075 1092 3160 primo.
1131 3075 1184 3140 Fr.
1202 3097 1226 3140 s.
1247 3074 1318 3154 100,

164 3206 190 3248 z.
216 3183 267 3248 10.
314 3181 399 3248 Ulm.
422 3205 447 3247 s.
472 3182 513 3248 33
536 3203 561 3250 0.
587 3182 638 3246 22.

256 3287 335 3353 Post
365 3287 545 3353 conradum
576 3285 766 3354 sublimatus
794 3291 841 3351 est
869 3287 908 3351 ad
937 3285 1107 3372 imperium
1139 3282 1319 3350 Fridericus

167 3393 290 3482 primus
327 3394 422 3460 huius
456 3393 593 3460 nominis
627 3394 691 3459 dux
718 3392 892 3460 Suevorum
924 3396 1053 3458 vocatus
1084 3389 1279 3457 Barbarossa
1297 3387 1320 3456 ⁶.

166 3500 299 3566 Additio
309 3499 339 3565 ⁶:
364 3499 585 3567 Generationis
600 3499 688 3566 illius
703 3498 940 3586 ingenuissima
956 3497 1002 3563 sie
1016 3495 1089 3562 fuit.
1135 3496 1238 3562 Erant
1253 3499 1318 3562 tres

167 3605 286 3672 fratres
302 3605 341 3672 de
357 3605 500 3672 Stauffen
516 3605 661 3685 barones,
682 3625 764 3669 unus
779 3601 968 3684 under-icus,
985 3599 1194 3682 0110001107,
1217 3601 1319 3666 maior

166 3708 329 3779 conradus
358 3711 414 3797 qui
446 3709 569 3776 iuvenis
598 3710 679 3776 obiit
708 3713 740 3775 et
762 3709 855 3774 fratri
885 3705 997 3774 Ottoni
1022 3707 1168 3792 episcopo
1193 3705 1318 3792 Argen-

733 3853 751 3894 'l‘

240 3937 351 3996 lGold.
370 3937 414 3993 Fr.
434 3938 467 3994 75
486 3955 509 3994 a.
529 3939 544 3994 7
565 3955 590 3992 v.
610 3954 636 3994 u.
673 3934 747 3990 Ulm.
766 3953 786 3990 s.
805 3935 839 3990 24
857 3953 880 3990 z.
900 3935 941 3991 15.
1019 3933 1146 4004 2100100
1163 3931 1207 3986 bis
1225 3931 1319 3988 uacu-

165 4030 241 4086 bona
267 4027 360 4084 haben
383 4026 457 4084 Mon.
484 4028 508 4084 2.
529 4024 628 4082 Schad.
652 4024 710 4080 000
737 4023 795 4094 111,
823 4022 902 4078 nicht
926 4020 1008 4078 Gold.
1096 4023 1113 4076 3
1138 4020 1238 4076 beatus
1256 4017 1319 4074 1101

166 4117 240 4174 1100.
258 4117 283 4170 2.
302 4131 372 4186 wag.
441 4113 557 4171 40010.
576 4113 622 4168 nr.
641 4115 672 4168 91
695 4131 717 4167 a.
737 4115 761 4167 5.
799 4111 873 4166 Ulm.
893 4127 913 4166 s.
932 4109 966 4166 20
984 4129 1007 4166 z.
1025 4111 1067 4166 34.
1139 4107 1234 4162 bdux
1254 4105 1320 4162 Sue·

167 4223 274 4269 vorum,
294 4203 407 4274 praelati
426 4203 548 4260 conradi
566 4219 659 4273 nepos,
678 4201 724 4258 hic
742 4201 858 4258 vocatus
875 4201 919 4254 cst
937 4197 1108 4255 Barbarossa
1121 4196 1193 4253 Mon.
1215 4195 1238 4250 1.
1257 4193 1318 4250 sch.

166 4293 210 4349 Kl.
230 4291 310 4350 Gold.
347 4295 363 4348 0
381 4291 627 4348 00111001Μο02.
640 4290 706 4355 fort,
725 4289 792 4344 aber
806 4288 878 4344 Mon.
892 4286 924 4351 1.,
944 4285 1014 4354 sch,
1033 4285 1077 4340 Kl.
1087 4303 1114 4339 0.
1127 4283 1207 4342 Gold.
1226 4281 1319 4338 haben

167 4381 295 4438 weiteres
314 4379 382 4436 uber
399 4379 445 4434 die
463 4377 581 4434 Stanlen
593 4379 664 4434 noch
683 4377 739 4432 viel
752 4373 971 4438 ausltihrlichen
989 4391 1018 4430 es
1035 4374 1073 4428 ist
1091 4374 1151 4428 also
1169 4369 1251 4426 kalne
1270 4369 1318 4425 nd·

166 4469 245 4526 01110.
317 4472 331 4524 7
351 4467 442 4524 altaro
460 4465 528 4523 Otto
546 4465 669 4521 schreibt
688 4465 761 4521 Mon.
782 4465 806 4518 2.
