3014 4926
673 358 736 425 118

205 549 261 588 πω
289 529 376 596 Bene
397 530 498 595 iuncii
519 531 662 611 mobiles,
685 533 797 597 scabro
819 547 883 597 non
907 534 1035 599 corrosi.

563 769 618 844 De
646 769 844 866 unguibus

285 951 418 1039 Ungues
440 956 532 1016 erent
554 951 694 1037 limpide,
718 952 811 1033 clere,
835 953 914 1019 bene
937 955 1063 1036 munde,

288 1055 413 1123 Similes
436 1057 605 1141 onychino,
629 1077 742 1142 perum
764 1059 948 1125 rubicunde.

579 1293 633 1370 De
659 1293 828 1390 pedibus.

288 1475 325 1541 ln
348 1475 425 1542 Jesu
447 1475 584 1560 pueritie
606 1471 702 1540 nimis
724 1475 857 1560 speciosi

287 1581 385 1648 Pedes
407 1585 509 1660 eranb,
533 1581 586 1646 sed
608 1581 739 1646 fuerunt
761 1585 871 1665 postea
893 1582 1024 1662 corrosi,

210 1705 263 1744 πω
290 1685 425 1772 Propter
447 1685 508 1751 iter
529 1687 712 1771 plurimum,
735 1687 935 1772 multumque
955 1686 1131 1763 confreci'i3

289 1789 327 1857 In
349 1791 426 1876 ipsis
448 1791 532 1855 enim
556 1789 687 1854 maximi
709 1789 888 1875 livoresque
909 1795 985 1856 suut
1007 1793 1093 1857 fecii.

286 1895 324 1960 In
347 1896 465 1980 plantis
488 1915 562 1960 num
584 1895 744 1960 durissimi
766 1895 905 1960 calliculi
926 1901 1102 1976 creverunt,

288 2001 349 2078 Qui
371 2001 438 2066 fissi
460 2001 554 2085 pedes
576 2000 697 2065 domini
719 2000 892 2084 plurimum
914 2000 1065 2082 leserunt,

287 2105 369 2181 Quis
390 2125 553 2190 nunquam
575 2104 690 2170 celcios
712 2105 842 2169 induere
864 2106 1037 2186 consuerit,

214 2231 266 2269 που
289 2210 366 2276 Posi
388 2212 455 2276 eius
477 2209 647 2295 pueritiam
668 2213 836 2294 postquem
859 2209 1005 2275 odelerii.

259 2447 312 2522 De
340 2447 449 2522 modo
477 2471 587 2544 quem
615 2447 783 2523 habebat
808 2449 920 2525 lesus
947 2451 986 2524 in
1015 2449 1148 2526 eundo.

287 2627 405 2696 Plenus
427 2635 460 2695 eb
481 2631 650 2696 laudabilis
672 2632 736 2696 fuis
757 2633 824 2698 eius
846 2653 983 2718 gressus,

288 2733 502 2820 Morigerebus
523 2736 697 2821 plurimum
718 2737 818 2822 ipsius
840 2737 989 2803 incessus.

289 2839 362 2906 Non
385 2845 454 2907 ereb
475 2841 645 2922 insbebilis,
669 2863 727 2908 nec
748 2843 953 2927 impetuosus,

289 2945 408 3012 'lemen
430 2951 500 3012 orei
522 2949 616 3033 egilis
638 2947 717 3012 sabis
738 2951 771 3013 ei
791 2969 952 3025 morosus3

214 3069 262 3106 wo
288 3049 355 3116 Nec
369 3051 480 3116 tardus
494 3057 573 3130 eret,
596 3073 698 3137 neque
713 3073 851 3137 preceps,
873 3053 927 3118 sed
943 3053 1055 3118 decens
1069 3057 1102 3118 ei
1116 3053 1278 3134 honestus,

287 3153 324 3220 In
346 3157 469 3221 cunctis
491 3157 558 3221 suis
580 3157 720 3221 motibus
742 3161 887 3222 maturus
911 3163 944 3222 eb
965 3159 1134 3223 modestus.

290 3259 409 3340 Status,
433 3264 549 3339 motus,
572 3259 702 3325 habitus
724 3260 792 3325 eius
812 3265 844 3326 ei
866 3263 1006 3328 incessus

289 3365 451 3431 Discretus
472 3370 506 3431 et
527 3366 720 3451 compositus
742 3365 816 3446 luit,
840 3371 872 3431 el
893 3387 1088 3453 progressus.

391 3602 444 3678 Dc
472 3601 725 3698 complexione
752 3601 845 3676 Jesu
873 3603 1023 3676 christi.

287 3781 364 3850 Jesn
388 3805 472 3849 nunc
493 3784 742 3868 complexionem
763 3786 791 3849 si
813 3807 1103 3867 commemoramus,

217 3905 263 3944 ³²⁷⁶
287 3889 403 3956 Errare
425 3889 475 3955 rel
497 3890 678 3975 delinquere
701 3891 782 3955 nihil
804 3913 862 3956 noe
884 3911 1056 3975 speremus.

290 3993 373 4059 Nem
395 4016 518 4079 corpus,
541 3995 625 4080 quod
648 3996 686 4060 dc
709 3995 833 4081 virgine
855 3994 987 4061 verbum
1008 3998 1208 4064 incarnatum

291 4097 442 4185 Sumpsil,
464 4101 504 4165 de
526 4100 669 4188 virginee
691 4123 785 4166 cerne
806 4107 1020 4188 propagatum

291 4201 422 4268 Constet
444 4227 482 4270 cx
504 4203 693 4270 humoribus
715 4207 1015 4291 complexionalem,

293 4307 395 4393 Atque
417 4309 626 4394 qualitalibus
649 4312 934 4396 proportionatum.

220 4427 269 4464 ⁸²⁸⁰
293 4409 340 4476 Ibi
362 4435 436 4479 nun
458 4416 617 4498 reciproce
638 4437 710 4479 cnm
730 4416 791 4482 deo
813 4416 852 4480 fit
873 4421 998 4496 nabere,

189 4526 243 4568 vn·
257 4529 325 4573 uun
1051 4519 1068 4573 8
