3014 4926
663 370 725 438 141

193 562 249 602 ⁴⁰⁶0
275 543 336 611 Illa
358 545 451 611 nobis
474 546 593 612 sufficit
617 547 771 612 ambobus
794 545 833 610 ad
856 545 1056 626 manendum,

276 649 313 716 In
336 673 374 716 ea
396 651 456 715 tibi
478 651 689 736 principatum
713 671 835 715 mecum
857 651 897 715 do
919 650 1098 716 tenendum.

354 967 523 1062 Epistola
549 987 664 1060 quam
691 967 882 1061 rescripsit
907 968 1029 1041 Jesus.

276 1173 368 1241 Jesns
390 1179 497 1241 autem
518 1173 593 1240 hnic
614 1175 753 1254 scribens
775 1176 943 1261 epistolam
965 1176 1087 1241 remisit

279 1281 384 1368 Atque
405 1282 467 1348 sibi
489 1281 658 1346 sanitatem
680 1282 869 1346 mittendam
891 1281 1072 1366 repromisit

280 1384 321 1450 Ei
341 1408 398 1471 per
420 1386 609 1470 discipulum
632 1407 726 1469 quem
740 1385 802 1449 sibi
817 1385 1059 1450 transmissurus

199 1509 252 1547 ⁴⁰⁶⁶
277 1491 379 1570 Esset,
403 1491 488 1556 hunc
510 1491 565 1575 qui
586 1490 656 1555 loco
678 1489 727 1554 sui
749 1488 833 1554 foret
855 1493 1031 1556 curaturus.

278 1592 339 1659 Sed
362 1599 394 1660 ct
415 1594 474 1660 hec
496 1594 630 1680 epistola
652 1599 793 1660 tenorem
815 1595 901 1660 hunc
923 1594 1072 1674 habebat,

277 1697 379 1776 Quam
401 1698 495 1766 Jcaus
518 1699 662 1765 Christus
685 1699 817 1786 Abgaro
839 1700 908 1785 regi
931 1699 1154 1764 rescribebat«

279 1803 348 1870 »Tu
370 1827 403 1871 es
423 1805 501 1871 felix
522 1809 554 1870 et
576 1805 697 1884 beatus,
719 1826 793 1869 nam
815 1804 850 1868 in
871 1825 922 1869 me
943 1803 1112 1884 credidisti,

278 1909 397 1976 Tamen
419 1910 484 1974 tuis
506 1909 605 1974 oculis
627 1931 791 1994 nunquam
812 1931 863 1975 me
885 1909 1003 1988 vidisti,

200 2035 253 2071 ⁴0⁶⁰
278 2015 360 2092 Quia
381 2015 419 2080 de
441 2037 492 2080 me
514 2014 669 2098 scriptum
690 2018 752 2094 est,
776 2014 860 2098 quod
883 2014 916 2078 in
938 2035 989 2078 me
1012 2014 1105 2080 multi
1128 2015 1264 2094 credent,

280 2119 340 2196 Qui
351 2142 515 2206 nunquam
526 2125 631 2184 tamen
643 2141 694 2185 me
707 2119 852 2184 viderunt
866 2119 919 2184 sed
938 2118 973 2182 hi
989 2119 1027 2184 de
1045 2141 1096 2184 me
1111 2119 1267 2199 recedent,

280 2223 339 2300 Qui
362 2247 412 2290 me
436 2225 583 2290 viderunt
604 2225 713 2304 oculis,
736 2225 775 2288 de
796 2224 857 2288 hoc
879 2223 963 2308 quod
986 2227 1022 2288 tu
1045 2223 1209 2308 scripsisti,

280 2326 326 2396 Ut
348 2330 387 2395 ad
409 2335 442 2395 te
464 2330 604 2394 venirem
625 2349 684 2414 ego
707 2349 828 2394 necnon
850 2327 1001 2414 petivisti,

283 2432 327 2500 Ut
348 2455 367 2498 a
389 2438 445 2498 tuo
466 2437 498 2498 te
520 2433 675 2518 languore
696 2454 848 2512 curarem,
871 2432 964 2498 debes
986 2433 1075 2512 scire,

201 2557 254 2596 «aas
279 2536 360 2602 Mihi
383 2539 467 2624 quod
489 2560 553 2603 non
576 2538 724 2602 convenit
742 2559 826 2602 nuno
848 2537 887 2602 ad
910 2541 942 2603 te
965 2537 1089 2615 venire3
1160 2609 1163 2614 ,

281 2642 364 2708 Nam
387 2643 466 2708 illud
489 2644 528 2709 ad
551 2644 634 2728 quod
657 2643 771 2708 missus
793 2665 863 2708 sum
879 2647 1025 2728 opportet
1040 2663 1268 2720 consummare,

280 2748 418 2815 Etcum
440 2749 501 2814 hoc
522 2749 694 2832 implevero
717 2749 789 2812 volo
812 2768 949 2813 remeare

278 2847 329 2918 Ad
352 2853 455 2934 deum,
478 2876 498 2917 a
519 2874 582 2938 quo
604 2853 718 2918 missus
740 2875 820 2932 sum,
844 2853 882 2918 de
903 2853 987 2932 celis,
1010 2857 1133 2937 patrem
1148 2873 1265 2931 meum,

280 2955 459 3023 Creatorem
481 2957 633 3037 omnium,
656 2958 818 3023 dominum
841 2961 873 3022 et
895 2957 997 3022 deum.

203 3079 254 3118 rec
280 3059 340 3126 Sed
362 3084 434 3128 cum
456 3067 636 3147 assumptus
658 3062 747 3128 fuero
769 3062 926 3147 quendam
949 3061 1008 3127 tibi
1031 3062 1168 3142 mittam,

280 3166 331 3232 Ex
353 3169 431 3234 meis
454 3167 615 3252 discipulis
637 3168 747 3252 illique
769 3169 975 3248 committam,

281 3271 328 3338 Ut
349 3273 534 3358 languorem
557 3275 648 3336 tuum
670 3276 759 3338 curet
780 3277 812 3338 et
834 3272 1061 3351 infirmitatem,

281 3375 417 3463 'libique
440 3377 589 3442 restituat
610 3399 668 3462 per
690 3400 740 3442 me
761 3379 960 3444 sanitatem«

198 3695 300 3783 Quod
328 3696 501 3792 Abgarus
526 3719 592 3772 rex
619 3699 774 3772 curatus
800 3695 874 3769 fuit
900 3718 966 3792 per
993 3693 1190 3771 Tatheum.

281 3903 374 3972 Jesus
397 3912 503 3973 autem
526 3907 710 3992 adimplevit
731 3905 814 3971 hanc
836 3905 1075 3991 promissionem

205 4031 255 4066 ιον»
282 4010 384 4088 Quam
405 4013 472 4096 ipse
494 4013 562 4096 regi
584 4011 702 4078 fecerat
724 4016 796 4096 post
818 4012 1042 4078 ascensionem.

281 4115 366 4181 Nam
388 4139 487 4182 unum
508 4139 544 4182 ex
569 4117 732 4200 discipulis
755 4117 881 4182 nomine
904 4116 1084 4184 Tatheum·

282 4220 333 4288 Ad
353 4221 507 4307 Edyssam
531 4223 692 4288 civitatem
714 4221 845 4288 mittens
867 4223 960 4288 iussit
981 4243 1065 4302 eum,

283 4323 330 4391 Ut
351 4327 417 4392 eius
440 4328 638 4415 evangelium
660 4327 706 4394 ibi
728 4329 903 4412 predicaret

284 4429 328 4498 Et
349 4433 507 4500 credentes
530 4433 563 4498 in
587 4456 659 4500 eum
680 4435 808 4498 cunctas
832 4433 1010 4518 baptizaret
