3014 4926
111 1565 274 1664 nxpusec
288 1568 383 1643 siner
396 1569 579 1644 ascensus
594 1567 639 1643 ue
648 1541 728 1642 viia
742 1569 953 1644 dulcissime
967 1572 1123 1667 virginis
1132 1573 1260 1649 uarie.

112 1689 250 1786 Incipit
277 1691 373 1764 liber
399 1692 535 1765 tertius
563 1691 607 1766 de
636 1692 716 1766 vite
742 1692 907 1768 eiusdem
928 1695 1087 1788 gloriose
1105 1697 1260 1792 virginis

112 1811 230 1886 Maris
258 1816 298 1886 et
325 1813 370 1886 dc
389 1813 505 1907 gestis
522 1812 587 1885 filii
606 1813 686 1887 eius
708 1813 849 1886 domini
868 1817 988 1888 nostri
1003 1816 1095 1890 Jcsu
1111 1818 1261 1896 Christi.

114 2093 299 2189 Prologus
328 2096 367 2167 in
406 2095 544 2169 librum
577 2095 734 2169 tertium
773 2095 818 2170 de
845 2097 926 2171 vite
952 2099 1108 2194 virginis
1134 2101 1261 2175 Murio.

272 2301 430 2384 listhene,
452 2301 580 2369 Murcus
602 2309 698 2389 etque
720 2303 831 2385 Lucus,
853 2304 908 2370 isti
929 2308 994 2372 tres
1016 2306 1187 2375 scribentes

273 2406 370 2474 Gesta
391 2407 469 2474 Jesu
492 2413 660 2476 tacuerunt
683 2409 836 2494 quasdam
859 2410 1064 2477 obmittsntes

272 2511 417 2579 Virtutes
439 2517 471 2579 et
493 2513 647 2579 miraculo
669 2537 730 2598 que
751 2515 815 2578 fuit
837 2519 986 2599 operatus

192 2635 245 2674 ππ
274 2615 349 2683 Pius
372 2617 475 2698 lesus,
498 2618 581 2684 sicut
601 2623 650 2684 est
673 2623 781 2704 aperte
803 2622 997 2704 protestatus

225 2765 231 2775 ·
274 2721 368 2788 Liber
391 2724 590 2809 evangelicus
612 2723 769 2790 Johsnnis
792 2721 934 2804 zebedei,

272 2827 373 2906 Quem
394 2830 521 2915 scripsit
544 2830 635 2896 annis
657 2829 804 2915 plurimis
826 2835 899 2916 post
921 2835 1057 2896 mortem
1076 2831 1135 2896 filii
1157 2831 1217 2912 dei,

273 2933 362 3001 Sicut
383 2934 444 3001 hoc
465 2935 654 3001 miraculum
677 2935 715 3001 de
737 2935 923 3002 resuscitato

273 3039 401 3121 Lucum,
423 3063 546 3107 necnon
568 3042 607 3108 de
629 3065 712 3128 equo
733 3043 767 3107 in
789 3043 899 3107 vinnm
922 3046 1124 3124 commutato,

195 3163 247 3202 κω
275 3145 441 3232 Multoque
463 3147 589 3227 similis,
613 3170 675 3232 que
696 3147 814 3231 scripto
837 3151 913 3212 sunt
935 3147 1102 3212 commisse

274 3251 305 3316 A
327 3249 485 3333 Johsnne‚
508 3253 562 3319 sed
584 3252 714 3319 fuerunt
736 3275 756 3317 a
777 3252 907 3337 reliquis
930 3252 1077 3318 obmissa„

274 3354 336 3423 Sed
359 3357 461 3424 adhuc
481 3359 520 3424 de
541 3357 619 3424 Jesu
641 3357 735 3444 plura
756 3357 875 3443 scriptu
897 3357 1079 3442 reperimus,

274 3459 342 3538 Quo
363 3485 422 3528 nos
443 3463 478 3528 in
500 3463 673 3549 euangeliis
695 3483 852 3548 nusquam
877 3461 1065 3543 invenimus,

275 3563 365 3632 Sicut
386 3567 465 3633 illud
487 3567 573 3652 quod
595 3567 705 3634 beatus
727 3565 890 3651 scripsisse
912 3567 1135 3652 comprobetur

199 3687 249 3726 Μ
276 3669 425 3739 Pontifex
447 3673 603 3740 Eusebius
626 3675 660 3740 in
682 3674 765 3740 libro
787 3672 844 3758 qui
866 3677 996 3740 vocetur

276 3777 345 3844 Sic:
368 3777 589 3852 Ecclesiastico
609 3779 744 3846 historia
766 3779 804 3844 de
826 3799 900 3864 rego

275 3879 408 3968 Abguro
430 3889 506 3950 tunc
527 3885 724 3970 Edyssenum
746 3884 802 3970 qui
822 3883 905 3950 rexit
927 3906 985 3950 sue
1005 3885 1085 3972 lege,

277 3984 455 4071 Epistolnm
475 3989 531 4074 qui
553 3989 681 4055 domino
703 4011 762 4074 pro
782 3986 894 4054 morbo
917 4010 975 4054 suo
997 3989 1132 4074 scripsit,

278 4087 344 4174 Ipsi
366 4114 490 4179 qnoque
512 4091 605 4160 Jesus
628 4093 775 4160 Christus
798 4093 964 4178 epistolem
987 4095 1155 4180 rescripsit

203 4211 253 4251 ³⁸⁴0
278 4193 409 4282 Insuper
431 4199 592 4284 spostolus
615 4197 733 4265 Paulus
755 4197 921 4264 manifeste

282 4299 402 4369 Asserit
422 4303 556 4389 epistole
578 4303 817 4370 Corinthiorum
839 4307 929 4383 teste,

280 4403 368 4484 Quos
389 4408 483 4476 Jesus
504 4409 687 4496 apperuerit
708 4414 780 4494 post
801 4407 1061 4476 resurrectionem
