3072 4936
703 363 745 432 83

235 538 297 604 Est
318 544 425 606 antem
448 540 570 606 familia
592 541 660 606 haec
682 541 844 626 bipartita.
891 541 965 608 Una
994 565 1069 627 pars
1099 543 1238 610 creditur
1259 567 1298 612 ex

153 645 291 712 Rboetia
314 647 352 712 de
374 645 553 733 Ehingen¹
586 647 664 712 villa
689 652 761 712 orta
792 670 873 724 esse,
905 648 955 713 vel
986 653 1024 712 ut
1053 649 1157 714 verius
1185 650 1298 736 loquar

149 752 258 817 villam
282 752 322 817 ab
353 753 397 816 eis
431 758 538 818 ortum
560 752 695 830 habere,
728 751 761 815 in
793 775 857 837 qua
887 752 964 817 villa
992 753 1086 820 hodie
1116 756 1299 838 prominent

151 857 437 922 vetustissimorum
469 880 631 922 murorum
663 856 777 936 mina,
813 857 954 942 reliquia
982 859 1078 924 castri
1111 865 1143 924 et
1176 860 1298 942 sedium

148 963 350 1028 dominorum
372 963 410 1028 de
432 962 604 1048 Ehingen,
640 986 659 1026 a
686 962 802 1046 quibus
834 961 866 1026 vi
897 961 1052 1028 bellorum
1080 963 1163 1048 pulsi
1195 965 1298 1029 curias

146 1067 327 1152 principum
357 1073 390 1134 et
417 1068 568 1134 comitum
597 1068 811 1152 sequebantur
839 1069 872 1132 in
906 1068 1002 1132 ermis
1033 1065 1227 1149 militantes,
1260 1093 1298 1134 ex

148 1173 265 1259 quibus
288 1196 370 1238 unus
392 1173 553 1259 generosis
569 1172 738 1238 comitibus
760 1175 799 1240 de
814 1173 995 1240 Hellastein
1019 1174 1152 1240 adhaesit
1172 1177 1215 1240 eis
1232 1197 1298 1240 ser·

149 1278 238 1344 aiens
260 1301 332 1344 cum
354 1277 420 1344 suis
443 1276 574 1342 armatis
604 1277 742 1344 famulis.
789 1279 851 1345 Hic
873 1284 1002 1364 accepta
1023 1301 1120 1345 uxore
1143 1279 1244 1344 nobili
1267 1284 1299 1345 et

145 1381 257 1448 liberis
278 1381 451 1468 procreatis
474 1383 507 1446 in
531 1383 669 1467 quadam
691 1383 887 1467 possessione
917 1384 1118 1449 dominorum
1147 1385 1298 1450 comitum

148 1488 187 1552 de
209 1487 390 1554 Hellastein
414 1486 572 1552 residebat
594 1487 725 1554 servitio
748 1489 900 1554 comitum
923 1489 1075 1566 intentus,
1099 1496 1167 1554 erat
1191 1496 1296 1554 autem

145 1593 205 1658 illa
226 1591 381 1678 possessio
404 1615 466 1658 non
491 1592 585 1677 longe
607 1617 627 1658 a
650 1592 726 1658 villa
747 1592 1038 1680 Herbrachtingen,
1060 1594 1116 1659 ubi
1138 1594 1171 1658 in
1187 1617 1299 1659 mona-

147 1697 245 1762 sterio
279 1698 503 1764 canonicorum
535 1697 730 1783 regularium
765 1701 933 1784 praedictus
964 1701 1108 1786 Ehinger
1142 1701 1297 1765 aedificata

147 1803 270 1887 capella
285 1826 343 1889 pro
359 1826 392 1870 se
408 1808 440 1870 et
454 1803 520 1868 suis
536 1805 768 1870 successoribus
780 1805 977 1890 sepulturam
989 1805 1159 1885 ordinavit,
1176 1806 1298 1885 missas,
1383 1851 1387 1864 ·

147 1908 311 1993 lampades
335 1915 367 1974 et
390 1912 559 1993 perpetuas
582 1909 779 1994 elemosynas
802 1913 967 1988 statuens,
1000 1914 1098 1994 prout
1128 1911 1226 1974 moris
1250 1916 1299 1976 est

149 2035 340 2099 magnorum
372 2019 404 2078 et
436 2013 570 2078 divitum
604 2013 770 2080 nobilium.
825 2014 910 2080 Dum
944 2019 1050 2078 antem
1082 2013 1188 2098 plures
1222 2015 1298 2078 anni
1346 2047 1355 2060 =

149 2118 340 2184 transissent
362 2122 394 2184 et
416 2117 650 2203 Ehingerenses
673 2125 768 2205 grata
789 2121 920 2186 servitia
942 2120 1035 2184 dictis
1050 2119 1220 2184 comitibus
1237 2121 1298 2184 im-

148 2223 331 2310 penderent,
356 2227 427 2288 orta
448 2228 497 2289 est
520 2223 569 2288 die
592 2224 729 2308 quadam
752 2225 865 2290 seditio
888 2225 1023 2290 incuria
1038 2224 1238 2290 dominorum
1261 2225 1299 2290 de

149 2327 343 2406 Bellantem,
360 2329 393 2392 in
409 2350 472 2414 qna
489 2351 570 2394 unus
585 2329 623 2394 de
638 2329 808 2395 comitibus
824 2331 1033 2415 interemptus
1045 2328 1116 2396 fuit.
1141 2329 1167 2394 F
1170 2336 1297 2395 urentes

149 2438 256 2502 autern
279 2434 376 2500 ceteri
399 2435 547 2514 comites,
571 2457 678 2500 omnes
702 2435 757 2520 qui
779 2433 927 2499 occisioni
949 2433 998 2498 illi
1021 2433 1188 2513 affuerant,
1212 2435 1299 2500 noxii

150 2547 183 2606 et
206 2540 327 2606 innoxii
350 2538 599 2626 querebantur*
624 2541 662 2605 cd
680 2544 824 2606 mortem.
871 2540 1071 2623 Quapropter
1085 2561 1173 2624 paene
1191 2563 1299 2606 omnes

154 2645 278 2714 nobiles
301 2669 410 2713 eorum
432 2647 526 2712 curiae
542 2646 701 2730 capientes
723 2645 835 2732 lugam
855 2645 969 2730 dilapsi
989 2651 1068 2734 'sunt
1083 2646 1123 2710 ab
1139 2646 1194 2725 eis,
1216 2647 1300 2710 inter

149 2774 231 2838 quos
265 2752 361 2818 etiam
393 2752 626 2837 Ehingerenses
658 2751 731 2816 vitae
764 2773 828 2816 suae
860 2752 1059 2816 consulentes
1094 2750 1298 2836 aufugerunt,

150 2881 287 2943 quorum
311 2880 393 2924 unus
424 2862 457 2924 et
485 2856 670 2942 principalis
699 2856 731 2922 in
755 2855 979 2922 lombardiam
1015 2856 1055 2920 ad
1085 2855 1299 2921 Mediolanum

152 2963 300 3050 confugit
314 2969 354 3030 'et
376 2963 451 3030 hinc
473 2963 546 3028 illac
568 2961 763 3028 domicilium
793 2949 969 3026 transtulit.
1015 2959 1168 3026 Videntcs
1192 2966 1298 3025 autem

151 3069 402 3136 Mediolanenses
425 3069 486 3134 viri
508 3069 548 3134 ad
572 3089 621 3134 res
644 3067 772 3133 bellicas
795 3067 1024 3150 aptitudinem,
1055 3088 1127 3130 eum
1160 3087 1218 3149 pro
1241 3067 1300 3130 sti-

150 3175 266 3262 pendio
289 3175 522 3252 conduxerunt,
551 3177 584 3238 et
606 3173 696 3238 valde
718 3195 809 3236 carus
832 3193 869 3236 ac
891 3170 1047 3256 pretiosus
1070 3175 1118 3234 est
1140 3171 1222 3252 apud
1246 3193 1299 3234 ecs

150 3283 290 3349 habitus.
342 3281 443 3348 Porro
473 3281 645 3366 imperator
677 3279 710 3344 in
741 3277 888 3344 Sueviam
924 3277 1050 3342 veniens
1084 3277 1159 3340 dum
1192 3297 1299 3338 casum

150 3390 305 3455 comitum
327 3387 500 3453 audivisset
515 3411 552 3452 ex
568 3391 600 3452 et
615 3386 826 3451 exulationem
852 3383 1017 3462 nobilium,
1042 3383 1201 3446 revocavit
1215 3382 1301 3464 ipsos

150 3494 274 3560 nobiles
298 3497 464 3580 assignans
494 3493 539 3558 eis
568 3495 654 3557 certa
677 3491 745 3556 loca
779 3511 842 3555 suae
874 3487 1055 3553 mansionis.
1104 3486 1196 3552 lllunr
1228 3508 1301 3550 vero

149 3599 291 3666 nobilem
313 3598 458 3684 Ehinger
481 3596 657 3682 assignavit
683 3595 799 3679 oppido
824 3591 979 3671 Ulmensi,
1001 3591 1185 3677 praecipiens
1208 3591 1299 3675 oppi-

151 3706 244 3772 danis
267 3727 337 3770 enm
361 3705 518 3787 suscipere
540 3707 573 3767 et
595 3724 683 3767 more
706 3701 859 3765 nobilium
878 3704 1024 3776 tractare,
1048 3702 1080 3763 et
1095 3699 1135 3764 ab
1155 3697 1300 3762 omnibus

151 3811 226 3878 vitae
248 3831 313 3876 suae
335 3809 560 3876 insidiantibus
583 3809 758 3874 defendere.
804 3805 918 3891 Sicque
948 3805 1110 3890 ingressus
1140 3827 1211 3870 cum
1235 3803 1301 3868 suis

151 3917 283 3986 Ulmam
297 3915 330 3980 in
347 3916 515 4000 coniugem
531 3937 626 3980 unam
641 3914 800 3979 dominam
816 3913 855 3976 de
876 3910 1063 3996 genealogia
1079 3907 1299 3973 Rubionorum

152 4021 331 4109 vulgariter
346 4019 450 4086 Rotcn
466 4021 613 4104 suscepit.
638 4042 675 4084 ex
692 4041 755 4103 qua
770 4017 854 4082 linea
871 4013 1138 4100 Ehingerensium
1153 4015 1186 4077 in
1203 4011 1302 4078 Ulma

152 4128 282 4193 initium
305 4127 450 4211 sumpsit.
496 4123 576 4190 Suas
599 4130 704 4190 autem
728 4123 906 4207 sepulturas
938 4120 1020 4204 apud
1050 4119 1165 4184 fratres
1189 4117 1300 4202 praedi-

718 4269 736 4308 *

225 4357 237 4409 l
259 4352 402 4422 Ecgiogen
421 4351 490 4410 Gok.
511 4351 582 4408 Besa.
621 4349 761 4420 Echingen
775 4349 848 4404 Mon.
868 4349 907 4402 ‘dr
926 4347 1026 4402 ebenso
1040 4346 1168 4400 nachher.
1224 4344 1301 4398 ‘dno-

152 4441 210 4499 xioa
228 4444 260 4495 et
278 4441 404 4497 innoxios
424 4439 589 4512 quaerebant
610 4439 694 4494 Wibl.
