3034 4922
694 319 756 390 lec

307 498 476 567 connitum
499 498 705 579 aromatibus,
728 496 878 564 flebiliter
900 496 1110 584 planxerunt;

305 605 407 692 Prope
428 604 558 692 quidam
579 605 692 670 hortus
715 607 793 683 erat,
816 602 850 668 in
873 625 937 689 quo
959 604 1018 670 sub
1040 626 1119 692 rupe
1141 604 1208 672 lata

305 710 460 797 Spelunca
481 733 580 796 parva
600 711 705 778 fuerat
725 710 884 778 modicum
906 715 1033 787 cavata3
1120 751 1137 784 0

304 815 341 882 ln
364 816 425 882 hac
445 817 596 902 spelunca
618 816 763 882 dominus
786 816 870 892 horti
895 815 1058 900 preparari

227 941 278 982 aar
303 921 487 1008 Sepulcrum
508 923 571 988 sibi
593 923 720 1002 fecerat,
743 921 777 988 in
800 943 863 1006 quo
885 921 1039 988 tumulari

304 1027 381 1096 Post
403 1034 537 1098 mortem
560 1031 759 1115 disposuerat
780 1027 959 1114 sepulcrum
981 1027 1042 1093 hoc
1064 1026 1212 1108 excisum,

303 1135 354 1203 Ex
375 1135 445 1218 ipsa
466 1137 555 1220 rupis
577 1140 668 1220 petra
688 1135 753 1202 fuit
775 1157 905 1200 manens
927 1133 1108 1201 indivisum

297 1239 335 1317 ,A
356 1239 426 1308 loco
448 1262 505 1308 suo
528 1259 585 1308 nec
608 1246 764 1308 remotum
787 1239 969 1326 speluncam
991 1240 1074 1306 hanc
1096 1241 1240 1306 emerunt

303 1345 441 1412 Predicti
464 1348 533 1428 viri,
556 1346 634 1413 Jesu
657 1367 771 1430 corpus
794 1346 827 1410 in
851 1367 914 1430 quo
936 1345 1137 1430 sepelierunt.

227 1469 278 1510 aa
305 1451 439 1518 Portant
461 1473 537 1539 ergo
560 1473 684 1517 sacrum
706 1471 819 1535 corpus
843 1450 882 1515 ad
904 1449 1128 1534 sepeliendum,

304 1555 463 1644 Plangena
484 1555 562 1624 Jesu
585 1557 728 1643 sequitur
749 1560 851 1622 mater
873 1556 913 1621 ad
937 1555 1116 1636 videndum,

303 1661 368 1731 Ubi
390 1663 440 1730 sui
462 1663 544 1728 uteri
566 1661 787 1747 corpusculum
810 1666 957 1747 ponatur,

302 1767 346 1834 nt
368 1769 406 1834 de
428 1790 486 1834 auo
508 1789 605 1854 puero
628 1768 730 1834 diluto
752 1767 829 1853 quid
854 1771 993 1853 agatur,

302 1871 530 1960 Multaquoqne
551 1874 669 1940 femine
690 1897 762 1940 cum
784 1875 855 1958 ipsa
875 1874 1098 1960 sequebantur,

227 1997 278 2038 aaa
303 1977 436 2044 Dulcem
458 1977 569 2046 Jesum
591 1999 708 2064 magno
730 1979 858 2063 planctu
883 2000 944 2062 que
966 1977 1232 2044 lamentabantur.

303 2081 523 2168 Sequebantur
544 2085 689 2152 undecim
712 2083 858 2170 discipuli
879 2083 1035 2168 lugentes,

302 2187 364 2255 Pro
386 2193 489 2256 morte
511 2190 560 2256 sui
583 2189 703 2255 domini
726 2189 890 2274 planctum
912 2187 1072 2269 facientes,

300 2293 351 2362 tx
373 2295 577 2383 septuaginta
598 2294 683 2360 binis
705 2295 800 2360 multi
822 2294 991 2373 affuerunt,

300 2398 360 2477 Qui
384 2401 530 2488 magistri
552 2400 602 2466 sui
623 2404 758 2466 mortem
780 2399 929 2466 flebiliter
951 2399 1151 2486 planxerunt.

223 2523 275 2564 ⁸⁰⁰⁰
300 2503 401 2572 Simul
423 2528 531 2572 omnes
553 2505 734 2572 dolorosum
756 2511 789 2571 et
812 2527 955 2571 amarum
977 2505 1142 2590 planctum

300 2609 455 2676 Fecerunt
477 2633 571 2695 super
592 2609 692 2676 dulcis
714 2609 791 2676 Jeau
814 2631 927 2696 corpus
949 2609 1030 2676 illud
1052 2614 1215 2688 sanctum

301 2713 451 2784 Planctus
473 2722 550 2783 tunc
571 2721 638 2782 tam
660 2715 775 2782 flebilis
798 2738 861 2782 non
884 2721 933 2782 est
955 2715 1082 2782 auditus
1105 2738 1264 2802 unquam

301 2819 352 2892 sic
374 2822 520 2916 lugentes
542 2826 638 2914 atque
660 2821 770 2924 tantm
792 2826 948 2894 venerunt
970 2822 1009 2892 ad
1031 2822 1223 2914 speluncam.

207 3136 309 3224 Quod
335 3141 547 3239 sepulcrum
573 3141 666 3216 Jesu
693 3141 885 3215 munitum
912 3145 971 3216 est
998 3143 1225 3221 custodibus.

300 3347 391 3418 Hanc
412 3350 578 3418 intrabant
599 3371 723 3418 sacrum
748 3372 861 3437 corpus
883 3351 944 3418 hoc
963 3351 1158 3438 sepelientes,

226 3469 276 3511 θοοῦ
302 3453 517 3541 Magnumque
539 3478 633 3541 super
655 3455 814 3521 tumulum
836 3455 973 3542 lapidem
996 3463 1159 3543 ponentes,

301 3557 400 3636 Quem
422 3559 595 3646 signabant
616 3564 702 3626 certa
724 3581 782 3626 sna
803 3561 897 3648 signa
918 3561 1071 3642 faciendo,

300 3663 343 3731 Et
365 3664 472 3753 sigilla
495 3667 583 3732 varia
607 3666 692 3732 saxis
715 3666 909 3752 adponendo.

299 3769 349 3837 Ad
371 3772 538 3838 introitum
562 3773 708 3858 spelunca
729 3772 937 3839 claudendum
961 3775 1163 3842 revolverant

300 3873 415 3962 Ingens
437 3899 559 3958 aarum,
582 3883 614 3944 et
636 3899 707 3944 eum
729 3877 845 3965 sigillis
868 3880 1068 3959 muniemnt;

226 3997 276 4038 ara
300 3979 383 4048 Nam
406 3981 501 4050 Judei
522 3984 675 4050 miserant
696 3983 858 4050 ministros
881 3985 921 4050 ad
945 3985 1114 4052 videndum

300 4085 343 4152 lllt
364 4109 476 4173 corpus
498 4111 538 4156 ne
561 4089 801 4156 subtraheretur
823 4089 957 4156 sollicite
979 4091 1170 4167 cavendum

302 4191 471 4280 Postquam
494 4195 689 4280 sepulturam
712 4196 795 4262 hanc
816 4217 937 4262 sacram
959 4196 1157 4282 perfecerunt

300 4297 377 4368 Gom
398 4301 505 4373 dolore
527 4301 645 4394 singuli
668 4302 717 4372 ad¹
730 4324 788 4370 sua
810 4301 981 4372 redierunt.
