3060 4936
663 385 726 452 167

113 532 346 627 transmarinas
369 561 408 626 ad
431 561 622 627 dominicum
646 563 848 647 sepulchrum
877 567 910 628 et
931 559 1110 628 Jerusalem
1142 568 1174 630 et
1204 562 1267 630 alie

7 723 13 742 ,
113 667 186 732 loca
208 671 319 731 sancta
333 665 353 731 ¹.

638 927 705 998 ⁰²1³·
725 929 749 982 ⁴·
1268 928 1369 1016 trus.

1272 1018 1361 1052 rmeor

134 1071 197 1136 De
232 1069 540 1136 monasteriis
576 1069 824 1156 Medingen
862 1075 905 1136 et
941 1070 1243 1157 Medlingen².
1274 1042 1368 1142 milite

203 1261 281 1327 Post
296 1261 475 1347 Elchingen
491 1265 668 1346 sequuntur
683 1262 793 1327 ordine
809 1263 964 1346 promisso
983 1285 1080 1347 supra
1095 1261 1266 1350 Medingen

110 1371 146 1433 et
168 1366 351 1454 Medlingen
374 1366 567 1432 monasteria
589 1367 652 1431 duo
666 1365 854 1431 monialium
870 1365 990 1431 ordinis
1013 1368 1267 1452 praedicatorum.

112 1472 213 1538 Volui
235 1477 342 1538 autem
364 1472 402 1536 de
425 1471 475 1536 his
498 1472 620 1536 duobus
643 1471 850 1557 singulariter
872 1471 961 1556 loqui
992 1473 1026 1536 in
1057 1477 1198 1538 tractatu
1228 1474 1266 1538 de

111 1578 221 1657 Ulmn,
244 1579 389 1663 quamvis
412 1577 478 1642 sint
500 1578 594 1642 ambo
616 1577 649 1640 iu
673 1581 764 1661 parte
786 1575 997 1657 Barcanorum,
1021 1601 1059 1642 ex
1074 1601 1111 1643 eo
1134 1578 1210 1664 quia
1231 1578 1265 1642 in

111 1688 249 1768 utroque
269 1681 461 1748 monasterio
484 1681 594 1747 multae
611 1679 811 1747 Ulmensium
837 1682 958 1768 degunt
981 1681 1056 1747 filie
1072 1705 1170 1768 eaque
1185 1705 1265 1768 quo·

109 1789 287 1854 dammodo·
301 1791 427 1872 regunt.

201 1893 370 1978 Medingen
394 1891 624 1958 monasterium
646 1891 834 1957 ancillarum
850 1892 969 1958 Christi
984 1893 1112 1958 solenne
1133 1896 1165 1957 et
1177 1893 1264 1958 anti·

113 2021 214 2082 quum
230 2023 248 2064 a
263 1998 423 2085 generosis
440 1999 609 2062 comitibus
624 1997 662 2062 de
678 1997 840 2083 Dilingen‚
866 1998 1002 2083 Kyburg
1017 1991 1049 2062 et
1064 1997 1238 2082 Habspurg
1252 1995 1264 2034 ³

111 2103 284 2170 fundatum
307 2107 375 2184 est,
407 2105 466 2168 sub
489 2103 601 2190 regula
623 2103 725 2167 sancti
757 2103 932 2190 Augustini
961 2109 993 2168 et
1022 2125 1098 2168 cura
1126 2102 1263 2166 fratrum

110 2209 366 2294 praedicatorum.
402 2209 485 2294 quod
516 2206 663 2272 nonnulli
693 2206 878 2273 existimant
907 2207 1006 2274 fuisse
1035 2206 1262 2274 monesterium

108 2314 300 2378 monialium
323 2318 397 2378 aute
420 2311 655 2378 institutionem
678 2313 797 2378 ordinis
828 2315 1071 2398 praedicatorum
1099 2317 1131 2377 et
1153 2317 1264 2397 postea

109 2419 212 2484 eidem
236 2419 340 2484 ordini
362 2419 565 2483 commissum
588 2421 619 2483 et
633 2417 880 2504 incorporatum.
928 2418 1032 2484 Multa
1052 2420 1137 2484 enim
1153 2438 1263 2482 mona·

107 2525 208 2589 steria
230 2523 417 2588 monialium
440 2528 515 2588 suut
544 2524 747 2608 incorporata
777 2524 881 2589 ordini
904 2525 1162 2609 praedicatorum,
1193 2544 1263 2607 quae

108 2633 217 2693 tamen
240 2627 336 2714 longe
358 2634 432 2694 ente
456 2629 608 2695 Sanctum
630 2628 834 2694 Dominicum
856 2630 916 2694 sub
940 2629 1051 2715 regula
1073 2628 1175 2692 sancti
1194 2627 1263 2692 Au-

110 2733 235 2819 gustini
253 2731 402 2798 vivebant
418 2739 449 2798 et
470 2757 593 2799 sorores
624 2735 815 2818 prenitentes
835 2735 1031 2814 dicebantur,
1048 2733 1156 2820 quales
1168 2731 1263 2798 etiam

109 2841 245 2904 fuerunt
267 2859 390 2904 sorores
405 2839 438 2904 in
455 2839 596 2905 Kirchen
612 2844 644 2904 et
659 2841 692 2904 in
708 2839 891 2925 Medingen,
915 2861 999 2905 nuuc
1014 2837 1134 2904 ordinis
1150 2837 1262 2902 nostri.

108 2944 186 3010 Non
202 2949 309 3009 autem
326 2943 457 3009 fuerunt
471 2965 528 3028 per
543 2946 608 3008 vim
625 2943 728 3008 ordini
744 2943 903 3021 subiectus,
927 2945 979 3010 sed
1003 2943 1080 3008 ordo
1100 2941 1139 3005 ad
1155 2963 1263 3006 earum

107 3049 297 3115 instantiam
319 3047 383 3114 fuit
415 3070 470 3133 per
500 3049 602 3113 sedem
628 3050 835 3132 apostolicam
859 3054 986 3115 coactus
1013 3071 1065 3114 eas
1095 3045 1262 3130 suscipere.

109 3155 283 3240 Postquam
307 3157 414 3218 autem
428 3153 657 3218 monasterium
673 3151 845 3240 Medingen
869 3153 933 3219 fuit
948 3153 1050 3219 ordini
1067 3151 1262 3230 adiunctum,

105 3262 295 3344 inceperunt
316 3257 398 3322 miro
422 3258 514 3322 ruodo
538 3257 689 3340 proficere
712 3281 835 3324 sorores
860 3263 893 3325 et
915 3281 1045 3326 numero
1062 3257 1262 3343 augmentari

105 3367 310 3442 intantum,
339 3368 375 3428 ut
398 3385 455 3427 uec
477 3363 563 3427 locus
587 3383 639 3428 eas
662 3386 773 3448 capere
795 3369 920 3450 posset,
953 3385 1010 3428 nec
1039 3363 1123 3426 bona
1154 3383 1262 3424 earum

105 3471 291 3536 sufficerent
313 3491 371 3566 pro
401 3469 597 3532 nutrimento
629 3473 679 3533 tot
702 3491 918 3554 personarum.
965 3467 1060 3534 Unde
1092 3470 1261 3551 paupertas

106 3597 218 3640 earum
242 3578 273 3640 et
296 3595 468 3660 gravamen
492 3573 597 3638 delata
619 3572 682 3639 fuit
704 3575 744 3640 ad
767 3598 882 3660 papam
906 3574 1099 3640 Clementem
1123 3569 1179 3651 IV,
1206 3571 1260 3655 qni

674 3677 691 3716 s

182 3753 245 3809 liu
264 3755 419 3810 Jerusalem
444 3757 473 3810 et
497 3754 611 3809 adalia
634 3755 708 3812 Mon.
737 3759 759 3811 1.
779 3755 858 3813 (sold.
877 3759 917 3814 ut.
955 3757 1029 3812 hlon.
1056 3759 1067 3810 l
1092 3757 1164 3809 setst
1188 3753 1259 3808 nach

106 3847 168 3901 loca
186 3846 286 3898 sancta
304 3843 364 3899 bei:
394 3847 445 3897 etc.
480 3842 581 3897 wibr:
606 3845 784 3914 sepulchrum
804 3845 923 3902 Goldast
946 3843 975 3898 in
995 3843 1150 3897 Jerusalem
1175 3841 1258 3897 etad

106 3931 167 3985 alia
184 3932 237 3985 etc.
274 3928 432 3986 Sonderbar
450 3933 528 3986 steht
546 3931 606 3987 hier
619 3931 668 3987 der
681 3951 763 3989 name
776 3933 896 3990 Goldast
915 3933 1103 3988 dazwischenl
1122 3930 1258 3986 Offenbar

109 4017 329 4087 ahgeschrieben
349 4035 403 4074 von
423 4018 522 4080 Schm,
541 4019 660 4074 welcher
672 4019 791 4076 Goldsst
803 4022 832 4075 in
845 4021 902 4075 und
915 4019 1038 4076 nachher
1051 4021 1080 4074 et
1093 4018 1129 4074 ad
1143 4017 1201 4072 alia
1214 4034 1257 4071 am

108 4105 198 4160 rande
212 4105 269 4168 hat,
289 4105 341 4158 mit
353 4105 462 4160 reichen
476 4106 515 4159 im
528 4109 597 4170 text,
610 4123 657 4160 um
670 4105 764 4162 diesen
775 4108 845 4162 nach
858 4108 976 4164 Goldast
989 4125 1022 4161 zu
1033 4105 1152 4168 andern3
1166 4121 1209 4160 so:
1224 4103 1259 4158 ad

106 4192 276 4250 dominicum
300 4193 474 4262 sepulchrum
498 4199 527 4248 et
547 4191 691 4263 (*Goldast
709 4193 751 4264 in)
763 4195 918 4250 Jerusalem
931 4177 1049 4264 'aliaque
1067 4193 1123 4263 (*et
1139 4193 1175 4246 ad
1190 4191 1259 4258 alia)

107 4283 170 4338 loca
189 4283 296 4336 sancta.
334 4282 401 4335 2et
420 4279 581 4348 Medlingeu
599 4281 765 4336 monialium
784 4281 857 4338 Mon.
878 4285 899 4336 l.
949 4279 1258 4351 arylingsnllon.1.

104 4369 248 4440 Tillingen
268 4370 327 4424 Sch.
349 4369 390 4424 Kl.
411 4367 502 4424 Solum.
540 4368 690 4438 Rittingeu
708 4367 795 4426 Wibl.
849 4369 967 4440 Kyburg
987 4367 1258 4440 olonnenses.

105 4457 224 4527 Kitburg
242 4455 303 4512 Sch.
322 4456 366 4510 Kl.
385 4455 470 4510 Wibl.
526 4455 675 4526 Hubspurg
693 4455 739 4513 bai
761 4456 822 4512 Sch.
842 4457 1059 4526 ausgestriclren.

996 4561 1050 4618 11*
