2996 4924
767 279 810 343 38

370 453 545 521 Audientes
569 453 704 539 virginis
727 454 829 520 Maris
851 453 1052 518 sanctitatem

371 559 478 645 Atque
500 560 769 626 conversationem
792 563 825 624 et
844 581 969 626 morum
992 557 1200 638 honestatem,

372 663 480 752 Atque
501 687 592 730 suam
614 665 814 750 disciplinam
836 668 869 729 et
892 664 1006 730 miram
1028 663 1218 744 castitatem,

371 771 416 834 Et
437 769 539 835 forrne
561 769 831 854 pulchritudinem
854 773 886 834 et
908 769 1015 833 vultus
1038 771 1247 848 venustatem,

308 893 347 930 aaa
375 871 492 940 Omnes
513 875 719 960 singulariter
741 875 823 940 hane
845 875 1087 952 venerabantur,

372 978 479 1066 Ipsam
502 981 631 1066 dignam
655 981 803 1046 laudibus
825 1002 892 1046 esse
914 979 1125 1058 testabantur,

373 1086 418 1151 Et
439 1087 566 1170 plenam
588 1091 698 1152 sancto
721 1087 837 1171 spiritu
860 1087 929 1152 fore
951 1085 1145 1164 fatebantur,

373 1192 417 1257 Et
439 1192 478 1257 de
499 1215 557 1257 sua
578 1197 687 1260 sancta
710 1195 776 1258 vita
798 1193 903 1258 cuncti
925 1191 1143 1268 mirabantur,

373 1295 480 1382 Ipsam
502 1320 610 1364 omnes
633 1299 808 1366 sacerdotes
831 1299 863 1364 in
888 1297 1090 1362 veneratione

309 1422 348 1460 aa
376 1401 556 1482 Habebant,
580 1406 612 1468 et
634 1404 798 1489 pontifices
820 1404 855 1468 in
878 1400 1090 1480 dilectatione,

377 1505 554 1592 Populique
575 1507 790 1592 principes-in
812 1504 1092 1584 commendatione,

378 1609 511 1678 Nobiles
533 1613 690 1697 ignobiles
714 1613 747 1678 in
770 1611 998 1678 ammiratione.

380 1716 485 1802 Ipsam
508 1717 616 1784 Scribe
639 1718 816 1786 dilexerunt
838 1719 934 1802 atque
956 1715 1109 1796 Pharisei,

380 1819 424 1888 Et
445 1821 565 1888 honore
578 1827 799 1908 'prevenerunt
820 1845 890 1888 eam
911 1820 1059 1900 Saducei;

316 1947 353 1984 ω
380 1925 511 1993 Necnon
533 1929 636 2014 ipsam
657 1929 840 1994 extulerunt
862 1927 1007 1994 laudibus
1030 1925 1130 2004 Ilssei,

381 2031 424 2096 Itt
446 2036 556 2098 cuncte
578 2038 661 2103 secte
683 2032 856 2099 Judeorum
879 2030 1052 2098 cantabant
1074 2030 1181 2098 laudes
1203 2029 1242 2096 ei.

381 2135 488 2221 Ipsam
510 2137 673 2223 virtusque
695 2160 788 2204 sexus
811 2137 915 2202 cuncti
937 2136 1101 2221 coniugati

381 2241 602 2324 Honorabant,
625 2243 858 2322 collaudabant,
881 2245 978 2326 atque
999 2239 1137 2316 viduati;

381 2346 529 2432 Virgines
552 2352 584 2412 et
606 2348 699 2415 vidue
721 2369 777 2412 sue
799 2345 937 2412 eastitat'
1033 2353 1036 2362 ’

317 2469 355 2508 ⁹⁶0
381 2449 503 2518 Laudes
526 2453 646 2520 dabant
669 2458 700 2518 et
722 2453 822 2538 ipsius
846 2453 925 2520 mire
947 2452 1116 2518 venustati.

381 2557 463 2628 Eam
484 2559 676 2645 generaliter
698 2581 807 2628 ornnes
829 2558 1040 2637 honorabant,

382 2661 505 2730 Divitcs
528 2669 560 2729 et
582 2686 734 2749 pauperes
758 2664 892 2730 Mariam
916 2663 1149 2730 collaudabant.

228 2959 477 3034 Demandato
505 2957 603 3052 quod
631 2958 793 3052 virgines
821 2959 925 3030 etate
952 2957 1028 3030 iarn
1055 2957 1203 3030 nubiles
1231 2957 1373 3052 nuptiis

670 3081 922 3157 traderentur.

385 3291 463 3357 Cum
487 3311 604 3356 annum
628 3291 934 3375 quartumdecimum
956 3290 1060 3356 Maria
1081 3290 1146 3354 iam
1169 3289 1356 3374 complesset

386 3395 429 3460 nt
452 3396 534 3460 eirea
557 3396 860 3485 quintumdecimum
884 3398 978 3462 etatis
1002 3417 1121 3460 annum
1143 3399 1234 3474 esset,

322 3519 359 3557 ⁹⁶⁶
386 3500 589 3584 Sacerdotem
611 3501 768 3590 principes
791 3501 974 3566 mandatum
998 3500 1144 3586 generale

387 3605 551 3672 Dederunt
573 3607 611 3672 de
634 3607 822 3692 virginibus,
845 3611 878 3672 et
899 3607 979 3670 illud
1001 3611 1070 3670 erat
1092 3605 1166 3684 tale,

389 3709 478 3787 Quod
501 3711 641 3796 virgines
663 3713 727 3776 iam
750 3712 874 3778 nubiles
897 3733 983 3776 more
1005 3709 1166 3800 coniugali

389 3815 602 3882 Traderentur
624 3818 745 3902 nuptiis
768 3841 804 3882 ac
826 3817 920 3881 thoro
943 3817 1102 3893 maritali;

388 3920 448 3986 Sed
470 3923 646 3988 sacerdotes
669 3923 738 3986 ideo
761 3923 914 3987 dederunt
936 3921 996 3986 hoc
1018 3921 1173 3986 edictum:

323 4045 362 4082 σου
389 4023 473 4090 Nam
495 4031 607 4091 contra
628 4028 730 4112 legem
752 4027 856 4112 Moysi
878 4027 1035 4111 putabant
1057 4027 1118 4091 hoc
1140 4025 1290 4090 delictum

389 4131 476 4212 Esse,
499 4133 525 4196 si
549 4155 612 4218 qua
634 4132 794 4217 virginum
817 4133 1000 4216 persisteret
1022 4131 1168 4215 innupta,

797 4276 815 4320 s

305 4357 358 4413 953
375 4356 400 4412 G
418 4356 569 4428 implesset.
