3034 4922
770 313 835 378 246

383 489 475 570 Veni,
499 489 580 570 veni,
603 509 720 575 sponsa
741 509 820 569 mea,
844 489 936 575 virgo
958 487 1115 575 gloriosa;

386 592 504 659 Venias
528 593 639 680 regina
662 615 731 658 mea
753 595 856 658 mater
878 597 1037 658 amorosa!

307 719 359 756 2³20
386 698 478 780 Veni,
502 703 613 778 mater,
638 697 743 764 fruere
765 697 856 762 bonis
879 699 927 763 tui
950 698 1028 778 nati,

386 807 430 871 Et
451 806 556 870 sedem
578 804 668 890 regni
691 804 815 888 posside
837 804 903 870 tibe
925 805 1104 889 preparati!

387 910 479 990 Veni,
502 909 602 974 dulcis
626 913 727 974 muter
750 931 830 990 mea,
854 931 986 990 mecum,
1010 914 1046 974 ut
1067 909 1173 974 leteris

388 1017 432 1082 nt
453 1017 487 1080 in
510 1015 617 1080 celesti
638 1015 742 1102 gloria
764 1037 888 1101 semper
910 1015 1116 1080 iocunderis.‹

390 1119 466 1185 Post
488 1120 545 1186 hec
569 1121 653 1186 dicta
676 1121 744 1186 filio
767 1119 870 1185 Maria
892 1145 925 1186 se
948 1121 1106 1186 commisit

314 1247 365 1283 ⁷³2⁶
393 1227 436 1290 Et
457 1227 491 1290 in
514 1249 625 1292 manus
649 1249 721 1291 suas
744 1227 811 1292 eius
834 1227 972 1292 animam
996 1226 1110 1304 emisit,

392 1331 494 1408 Quam
518 1353 679 1396 assumens
702 1331 786 1396 filius
809 1354 914 1396 secum
937 1331 1168 1415 transportavit

391 1434 428 1499 Iu
451 1435 543 1514 coloe,
567 1437 650 1501 etin
675 1437 803 1502 dextera
825 1459 882 1502 sua
903 1436 1078 1502 collocavit.

240 1737 344 1821 Quod
372 1738 528 1812 Michael
570 1738 849 1812 commendavit
885 1740 1063 1834 apostolis
1101 1762 1233 1834 corpus
1270 1739 1387 1813 Marte

643 1861 691 1934 ed
719 1859 981 1956 sepeliendum.

399 2071 459 2136 Sed
482 2071 629 2152 Michael,
652 2072 870 2158 archangelus,
894 2094 1007 2158 corpus
1029 2073 1260 2140 commendavit

397 2177 540 2263 Virginis
563 2179 714 2263 apostolis
736 2182 769 2244 et
790 2179 866 2263 ipsis
890 2179 1068 2263 imperavit,
1332 2225 1335 2230 -

320 2303 372 2339 ⁷³⁸⁰
399 2283 445 2349 Ut
466 2283 526 2348 hoc
549 2306 620 2348 cum
643 2285 818 2348 reverentie
840 2306 958 2370 magna
979 2284 1156 2368 sepelirent,

400 2387 509 2473 Usque
531 2389 613 2454 diem
635 2390 765 2454 tertium
788 2389 867 2454 illud
890 2389 1092 2468 custodirent,

402 2494 509 2558 Donec
530 2494 599 2579 ipse
621 2495 767 2558 dominus
790 2495 830 2560 ad
852 2495 932 2559 illud
954 2495 1176 2560 assumendum
1501 2441 1503 2580 l

403 2599 532 2664 Rediret
553 2603 586 2664 et
607 2600 640 2664 in
663 2599 799 2684 gloriam
822 2621 912 2664 suam
935 2600 1170 2666 traducendum.

249 2921 353 3005 Quod
382 2918 542 3056 apostoli
568 2918 738 2992 tulerunt
766 2937 899 3010 corpus
912 2916 1030 2990 Marie
1053 2917 1100 2989 ad
1127 2911 1393 3011 sepeliendum.

405 3127 494 3192 Tunc
517 3127 655 3210 virgines
679 3130 711 3188 et
732 3125 848 3190 femine
870 3129 987 3206 sancte,
1011 3148 1071 3210 que
1094 3129 1253 3209 presentes

328 3254 377 3289 ⁷³³ss
405 3234 517 3314 Erant,
541 3253 654 3315 corpus
677 3231 809 3316 virginis
831 3229 964 3295 honeste
986 3234 1217 3314 componentes,

406 3340 507 3414 (luem
529 3337 661 3422 angelus
683 3340 866 3420 portaverat
888 3337 961 3400 huic
985 3340 1101 3401 vestem
1124 3338 1299 3413 induentes,

407 3444 571 3508 Ponebaut
593 3464 687 3528 super
709 3443 859 3508 feretrum
883 3443 1070 3527 plangentes
1092 3447 1124 3506 et
1146 3443 1302 3526 lugentes,

406 3549 554 3634 Apostoli
576 3570 648 3614 cum
669 3569 798 3630 corpore
820 3551 895 3612 tuuc
919 3547 1047 3610 archam
1069 3547 1266 3612 sustulerunt

407 3654 451 3719 Et
473 3677 580 3719 versus
604 3653 717 3718 vallem
741 3651 899 3736 Josaphat
921 3652 1028 3734 egredi
1051 3656 1209 3735 ceperunt.

330 3781 381 3818 run
407 3759 569 3824 lohannes
593 3763 666 3823 unte
688 3757 838 3822 feretrum
862 3758 999 3842 palmam
1021 3755 1211 3841 deportavit,

408 3865 500 3930 Jesus
524 3887 619 3948 quum
642 3885 697 3947 per
720 3863 868 3948 angelum
893 3863 994 3928 Mario
1016 3862 1194 3927 destinavit.

411 3971 454 4036 Et
476 3973 623 4035 exeuntes
647 3968 802 4052 psalmum
827 3967 911 4033 hunc
933 3966 1046 4033 Petrus
1068 3966 1239 4045 inchoavit,

413 4077 458 4140 Ac
481 4075 696 4158 apostolorum
719 4077 804 4138 cetus
827 4096 899 4139 cum
921 4075 990 4158 ipso
1013 4073 1207 4139 decantavit:

415 4179 470 4244 »ln
493 4180 578 4243 exitu
602 4181 711 4242 domus
734 4176 831 4243 Israel
856 4180 892 4243 de
914 4180 1056 4266 gentium
1079 4177 1225 4263 Egypto«

335 4307 386 4344 ⁷³⁴⁶
413 4285 587 4350 Psallcntes
598 4285 755 4370 psalmum
766 4284 965 4369 perfecerunt
973 4284 1066 4366 hunc,
1077 4285 1159 4349 sicut
1167 4285 1214 4348 est
1223 4281 1255 4346 in
1268 4283 1396 4368 scripto.
