2996 4924
773 307 815 373 54

382 480 555 568 Virginem
577 483 718 562 societas,
742 505 811 548 eam
834 503 895 568 que
917 485 1021 548 secute

381 587 524 652 Fuerunt
546 588 584 652 de
605 587 782 654 Jerusalem
805 587 837 652 in
862 587 911 654 dei
934 589 1103 666 servitute;

382 691 426 756 nt
448 693 486 756 ed
509 691 632 758 fontem
654 715 751 777 prope
773 692 882 758 villam
905 692 1000 758 simul
1022 697 1245 772 convenerunt,

307 816 356 854 1⁴⁴⁶
382 798 433 863 Ex
455 820 518 882 quo
540 798 578 862 de
600 797 729 862 castello
752 799 834 863 cives
856 797 984 864 haurire
1006 804 1246 864 consueverunt.

384 901 424 970 Se
444 904 603 968 modicum
626 902 666 968 ab
689 903 760 968 eliis
783 902 886 968 Maria
908 905 1127 988 sequestravit,

383 1009 432 1086 Ac
455 1008 653 1074 orationibus
675 1009 768 1073 deum
790 1008 958 1074 invocavit.

385 1112 475 1178 Tunc
497 1113 629 1198 angelus
651 1113 800 1198 apperuit
822 1115 910 1178 cuius
933 1113 1078 1179 rediebat

384 1217 502 1283 Vultus
526 1219 613 1284 velut
634 1219 710 1282 solis
733 1218 890 1302 splendor,
914 1223 947 1282 et
968 1240 1075 1283 eorem
1097 1243 1133 1284 ee
1155 1219 1270 1298 stabat,

309 1343 360 1379 1⁴⁶⁰
388 1323 519 1388 Dicens:
547 1320 592 1388 »O
616 1323 727 1400 Maria,
751 1322 854 1407 gaude
876 1321 952 1386 felix
975 1327 1006 1387 et
1028 1323 1131 1402 beata,

386 1425 447 1492 Pre
469 1427 589 1492 cunctis
612 1425 797 1492 mulieribus
820 1449 893 1490 nem
916 1427 977 1492 eris
1000 1428 1158 1492 exaltate!

387 1530 504 1608 Gaude,
528 1553 603 1595 nem
626 1553 680 1614 per
702 1531 880 1596 castitatem
903 1535 992 1595 tuem
1014 1531 1167 1608 meruisti,

387 1635 477 1712 Quod
500 1640 537 1701 tu
558 1635 626 1701 sola
646 1637 823 1700 seculorum
846 1637 913 1722 regi
936 1637 1100 1720 placuisti!

388 1739 505 1820 Gaude,
530 1741 605 1826 quia
629 1745 737 1806 votum
760 1746 847 1806 tuum
873 1742 949 1806 deus
972 1742 1155 1825 acceptavit,

312 1865 362 1902 eu
391 1844 497 1931 Atque
519 1850 551 1910 te
573 1869 628 1930 pre
651 1847 761 1912 ceteris
784 1846 884 1912 solem
907 1847 1082 1912 adamavit!

390 1949 506 2030 Gaude,
531 1951 606 2035 quia
628 1951 738 2015 mundi
761 1973 825 2030 rex,
849 1951 902 2036 qui
927 1952 1008 2016 celos
1032 1957 1149 2016 terram
1172 1951 1263 2036 regit,

389 2053 426 2120 In
449 2079 596 2140 sponsam
619 2057 668 2120 sui
690 2056 825 2120 thalami
847 2063 879 2121 te
901 2056 1001 2121 solem
1023 2055 1192 2142 perelegit!

391 2161 507 2240 Gaude,
531 2162 615 2246 quod
638 2162 799 2227 vocaberis
822 2163 932 2248 regina
955 2161 1130 2250 seculorum

391 2267 497 2350 Atque
519 2265 729 2332 dominaberis
753 2267 857 2332 choris
880 2267 1081 2352 angelorum!

316 2391 364 2426 uso
394 2371 510 2448 Gaude,
535 2371 610 2456 quia
632 2371 779 2456 splendor
803 2371 864 2436 eris
887 2377 920 2436 et
941 2365 1040 2436 seculi
1060 2371 1210 2450 lucerna,

391 2479 436 2542 Et
457 2476 685 2562 glorificaberis
708 2477 800 2541 leude
823 2477 1030 2562 sempiterne!

393 2580 509 2658 Gaude,
534 2581 608 2666 quie
630 2585 740 2664 perte
762 2601 861 2665 genus
884 2584 975 2644 tuum
999 2581 1156 2645 exaltetur

392 2687 498 2770 Atque
520 2705 654 2768 regnum
677 2684 779 2750 David
802 2686 964 2770 regisaper
987 2688 1018 2748 te
1040 2686 1223 2768 reparatur!

392 2791 509 2868 Gaude,
533 2790 618 2874 quod
640 2790 815 2856 humanum
837 2811 937 2876 genus
960 2811 1016 2874 per
1037 2791 1069 2854 te
1091 2787 1244 2853 liberatur

316 2917 371 2975 usq
395 2896 501 2980 Atque
524 2896 630 2978 lapsus
653 2894 839 2980 angelorum
862 2899 970 2979 perte
993 2895 1206 2959 restauretur!

394 3000 510 3078 Gaude,
535 2999 610 3084 quia
631 2997 699 3064 sole
721 3003 757 3063 tu
779 2999 930 3064 salvatrix
953 3001 1148 3083 peccatorum

394 3105 476 3182 Eris,
501 3109 532 3169 et
554 3105 713 3190 refugium
735 3105 882 3190 salusque
904 3104 1107 3168 miserorum!

397 3209 514 3286 Gaude,
542 3209 618 3294 quia
639 3213 750 3293 portus
773 3209 834 3274 eris
857 3211 890 3274 et
911 3231 981 3292 spes
1004 3208 1249 3293 desperatorum,

394 3317 529 3399 Erisque
551 3315 700 3380 solatium
722 3319 754 3379 ct
774 3319 877 3379 mater
899 3313 1108 3380 afflictorum!

321 3439 371 3476 ¹⁴⁷⁰
398 3419 516 3498 Gaude,
540 3419 615 3506 qnia
637 3420 741 3506 Moysi
765 3420 867 3505 legem
890 3419 1057 3504 reparabis

395 3523 502 3610 Atque
524 3547 640 3590 novam
662 3525 765 3610 gretie
787 3523 887 3588 ritem
909 3522 1090 3588 inchoabis!

394 3627 511 3706 Gaude,
536 3629 610 3714 quie
633 3629 738 3692 cuncti
761 3632 792 3692 te
814 3627 965 3692 mortales
988 3625 1166 3696 adorabunt

396 3733 440 3797 Et
461 3733 671 3798 misericordie
694 3737 725 3797 te
747 3735 881 3796 matrem
905 3731 1124 3816 appellabunt!

396 3836 512 3915 Gaude,
536 3837 598 3920 pie,
623 3837 725 3920 gaude
747 3837 832 3914 felix,
856 3835 926 3901 vele
947 3836 1124 3915 iocundare,

319 3960 370 3996 1⁴⁷⁶
397 3941 499 4005 Maria
522 3942 613 4026 virgo
637 3941 807 4027 virginum,
832 3941 977 4006 exultans
1000 3945 1037 4005 tu
1059 3941 1171 4005 letare!

396 4044 472 4110 Post
494 4046 555 4110 hoo
577 4049 683 4111 eutem
705 4069 769 4110 non
792 4069 946 4131 apperens
969 4045 1101 4131 angelus
1125 4043 1273 4124 abscedit,
1350 4067 1356 4083 ·

396 4150 440 4214 Et
461 4151 494 4214 in
517 4151 629 4216 domus
651 4151 750 4236 petris
773 4153 823 4220 sui
845 4151 948 4218 Maria
971 4152 1061 4238 virgo
1084 4151 1174 4218 redit.
