3060 4936
671 344 734 408 211

207 498 411 582 llberschrift
433 516 499 583 und
522 515 644 603 aniang
666 517 722 582 der
744 521 926 602 genannten
950 517 1201 584 handschriiten.

219 619 336 705 Incipit
373 620 543 706 descriptio
582 622 730 708 aliqualis
761 627 877 688 nostrae
919 627 1010 688 terrae
1043 629 1076 687 et
1109 624 1278 709 provincia

19 727 22 734 ’
127 725 292 792 Teutoniae
308 730 339 792 et
351 727 491 791 nationis
503 725 642 808 Sueviae3
666 732 698 794 et
709 727 849 793 civitatis
861 727 964 794 Ulmar
978 727 1061 794 ¹hoc
1072 729 1186 794 ultimo
1198 730 1277 794 loco.

221 828 410 917 ’Descripsi
440 833 474 896 iu
506 833 754 918 praecedentibus
777 834 862 912 loca,
893 856 959 919 per·
982 856 1053 920 quae
1084 839 1117 900 et
1146 835 1185 899 ad
1208 857 1278 919 quae

127 936 345 1021 peregrinatio
367 935 639 1022 Jerosolymitana
661 961 695 1005 aa
718 941 878 1020 extendit,
912 943 945 1006 et
976 945 1077 1005 terras
1111 941 1222 1025 procul
1244 941 1277 1004 in

127 1042 333 1126 transalpinis
366 1047 398 1108 et
427 1045 650 1109 transmarinis
682 1045 826 1130 partibus
860 1046 1037 1113 existentia.
1084 1044 1178 1110 Nunc
1201 1046 1278 1110 ordo

127 1145 253 1210 debitus
269 1147 370 1234 exigit
393 1151 430 1211 ut
445 1148 640 1231 provinciam
664 1153 696 1214 et
710 1152 828 1236 terram
843 1155 986 1216 nostram
1002 1173 1067 1216 non
1082 1155 1278 1235 preteream,

127 1249 181 1314 sed
205 1251 242 1315 de
264 1273 302 1315 ea
326 1251 422 1316 etiam
446 1251 566 1336 aliquid
591 1253 768 1334 notificem,
797 1277 869 1319 cum
892 1257 962 1340 ipsa
984 1255 1216 1343 peregrinatio,
1241 1255 1279 1321 de

128 1375 192 1440 qua
215 1355 339 1422 locutus
362 1379 452 1436 snm,
487 1358 520 1422 iu
543 1381 580 1422 ec
613 1358 763 1424 inchoata
797 1361 840 1426 sit
861 1365 895 1426 et
923 1362 962 1426 ad
985 1383 1054 1426 eam
1078 1361 1276 1428 terminetur.

127 1459 205 1525 Tria
216 1462 298 1526 circa
309 1462 376 1528 haec
387 1463 399 1499 ³
412 1463 540 1527 venient
551 1464 765 1543 describenda,
782 1465 928 1532 videlicet
940 1467 1102 1551 provincia
1115 1465 1279 1531 Teutoniae

126 1565 159 1629 in
183 1567 343 1652 generali,
377 1568 466 1634 natio
489 1566 612 1634 Sueviae
634 1569 668 1633 in
692 1570 837 1654 speciali,
871 1577 903 1636 et
925 1571 1038 1636 civitas
1060 1569 1222 1636 Ulmensis
1245 1572 1279 1635 in

126 1670 293 1757 singulari.

218 1777 294 1842 *Ex
316 1777 409 1844 dictis
432 1782 539 1844 autem
562 1780 648 1844 beati
672 1779 860 1867 Hieronymi
882 1785 915 1846 et
936 1780 1042 1846 Orosii
1064 1786 1097 1847 et
1120 1781 1230 1858 Beda.
1247 1786 1279 1846 et

128 1903 168 1946 ex
190 1885 426 1950 commentariis
449 1883 591 1964 Caesaris,
614 1891 646 1952 et
669 1909 708 1952 ex
730 1887 869 1953 Cornelii
891 1887 1023 1952 Taciti⁸
1057 1893 1089 1954 et
1113 1887 1277 1953 Plutarchi

127 1985 393 2072 descriptionibus
416 1995 448 2055 et
470 1991 617 2076 magistri
641 1990 802 2059 Vincentii
827 1993 1027 2060 Beluacensis
1051 1993 1144 2058 etc.⁶.

216 2195 308 2264 Gold.
331 2199 351 2264 l.
376 2196 393 2264 Ι
414 2221 481 2286 cap.
507 2201 526 2264 2
550 2201 588 2266 de
613 2199 763 2269 Danubio
785 2205 833 2270 ed.
857 2203 910 2270 Fr.
934 2227 959 2271 s.
985 2205 1027 2269 48
1050 2227 1076 2270 z.
1102 2205 1152 2268 16.
1190 2202 1276 2271 Ulm.

125 2325 151 2367 a.
179 2303 219 2368 14
241 2327 267 2370 z.
291 2307 322 2370 4.

214 2408 298 2475 Dum
321 2415 426 2476 autem
448 2435 535 2478 mare
556 2411 682 2494 influit,
718 2418 809 2479 tanto
835 2413 957 2500 impetu
979 2413 1040 2479 hoc
1062 2415 1109 2493 fit.
1133 2419 1171 2480 ut
1192 2413 1279 2480 ultra

126 2513 160 2578 xl
175 2515 288 2579 milia⁷
311 2499 563 2600 passuum'infra
583 2540 706 2582 amaras
730 2519 830 2583 undas
845 2519 969 2584 dulcem
991 2520 1207 2605 quarentibus
1223 2543 1279 2585 ex—

125 2619 261 2685 hibeat⁸
278 2621 438 2687 haustum.
485 2621 601 2688 Fontes
616 2623 628 2658 ⁹
645 2623 710 2687 sive
726 2623 866 2688 Danubii
882 2625 1021 2710 origines
1037 2648 1132 2712 quam
1149 2625 1278 2710 plurimi

127 2749 165 2792 ex
189 2725 343 2791 Rhaeticis
366 2725 503 2812 Alpibus
534 2731 626 2792 etex
649 2726 787 2794 Julianis
804 2728 830 2764 ¹⁰
854 2729 1006 2809 effluunt,
1030 2731 1159 2815 plurimi
1182 2734 1278 2796 etiam

127 2853 166 2896 ex
198 2831 372 2898 Sacrorum
405 2835 576 2899 decurrunt
608 2832 754 2917 Alpibus.
801 2833 851 2898 Ad
882 2835 969 2900 illius
1001 2835 1141 2902 fluminis
1172 2835 1277 2902 fontes

126 2937 324 3023 indagandos
341 2939 573 3006 vetustissimus
589 2937 817 3024 AEgyptiornm
840 2961 895 3003 rex
919 2937 1020 3006 Osiris
1043 2963 1100 3024 per
1121 2939 1236 3006 Isidem
1251 2939 1279 2976 ¹¹

125 3044 293 3110 deificatus
309 3038 387 3130 post
404 3046 528 3111 obitum
542 3045 634 3110 vivus
657 3042 798 3124 accessit,
822 3047 859 3108 ut
880 3042 1017 3110 habetur
1031 3043 1115 3110 libro
1140 3047 1167 3110 1.
1193 3047 1278 3111 anti-

126 3173 263 3236 quarum
286 3150 493 3216 historiarum
516 3149 666 3216 Diodori:
691 3149 790 3229 Tum,
821 3149 927 3234 inquit
944 3147 973 3184 ¹²
996 3147 1095 3214 Osiris
1119 3173 1188 3230 rex,
1223 3151 1278 3234 qui

124 3255 309 3321 universum
325 3257 495 3343 peragravi
512 3257 620 3321 orbem
644 3276 742 3340 usque
767 3255 806 3318 ad
822 3253 961 3318 desertos
976 3251 1172 3320 ludaeorum
1188 3256 1276 3334 lines,

123 3362 164 3426 ad
197 3383 250 3428 eos
283 3385 410 3448 quoque
431 3362 592 3447 proiectus
623 3385 693 3426 sum
723 3361 778 3447 qui
809 3363 925 3425 aucto?
957 3361 1090 3442 [austro]
1113 3360 1279 3424 subiacent

697 3471 714 3509 ’lt

200 3553 212 3607 1
234 3555 263 3608 et
283 3553 514 3611 monasteriorum
534 3551 805 3608 circumiacentium
825 3551 899 3606 Mon.
915 3553 937 3605 l.
975 3551 1051 3606 Alles
1063 3550 1195 3620 folgendc
1208 3551 1280 3606 fehlt

130 3639 174 3695 bis
193 3640 233 3695 Ex
252 3639 335 3696 dictis
354 3641 430 3696 beati
443 3641 607 3710 Hieronymi
627 3643 678 3696 eto.
732 3641 748 3694 2
769 3640 815 3695 ltai
828 3640 909 3696 Gold.
922 3639 1002 3695 heillt
1020 3638 1069 3694 der
1085 3639 1165 3695 titel:
1185 3638 1281 3694 l‘elicis

126 3727 212 3784 Fabri
224 3729 354 3784 monachi
370 3727 511 3784 Uhnenais
523 3727 648 3784 Historia
661 3727 822 3784 Sues-orum.
860 3727 920 3784 Lib.
937 3727 957 3782 1.
994 3725 1060 3797 Cap.
1075 3727 1094 3780 l.
1126 3725 1281 3796 Descriptio

125 3815 264 3887 aliqualis
283 3819 387 3872 nostra
406 3819 489 3872 terra
509 3819 538 3872 et
557 3815 707 3887 provincia
724 3815 867 3871 Teutonis
885 3819 914 3870 et
932 3813 1056 3870 nationis
1073 3813 1186 3868 Suesia.
1224 3813 1281 3868 Das

125 3903 258 3974 folgenda
277 3903 349 3960 lehlt
373 3904 415 3958 bis
436 3904 475 3958 Ex
495 3903 577 3958 dictis
596 3906 649 3958 etc.
737 3903 754 3957 3
772 3902 839 3957 Tria
863 3905 959 3958 autem
986 3903 1060 3958 circa
1085 3901 1137 3957 hoc
1155 3901 1216 3956 sch.
1236 3901 1279 3957 Kl.

123 3991 196 4050 480
215 3991 345 4062 beginnt,
366 3995 461 4048 autem
475 3989 660 4062 weglasaemh
680 3991 760 4047 Gold.
779 3990 823 4044 Fr.
842 3991 918 4045 alb.
956 3989 1027 4044 Ulm.
1047 3991 1120 4045 ε.13.
1164 3991 1229 4044 ser
1248 4007 1281 4044 ex

124 4079 247 4137 Cornelii
258 4079 350 4136 Taciti
370 4079 442 4136 fehlt
460 4079 506 4134 bei
525 4077 605 4135 Gold.
696 4081 713 4134 6
732 4077 913 4134 Belucicensis
932 4077 1031 4134 Schad.
1102 4081 1117 4133 7
1137 4078 1215 4134 ultra
1233 4077 1281 4134 Lx

123 4169 203 4224 milia
222 4169 304 4225 Gold.
355 4168 383 4222 xl
403 4165 483 4222 milia
503 4167 576 4222 Mon.
592 4167 616 4222 1.
628 4165 728 4222 Sohad.
745 4165 788 4222 lil.
858 4167 1025 4222 8axhibens
1044 4165 1116 4223 lion.
1137 4171 1160 4222 l.
1180 4167 1279 4222 Schad.

122 4260 140 4314 9
161 4257 261 4315 Fontes
280 4257 322 4312 bis
343 4255 574 4328 Negotiatoribus
591 4253 694 4312 nostris
712 4253 785 4310 fehlt
802 4253 847 4309 bei
860 4251 940 4310 Gold.
959 4253 1003 4307 Fr.
1023 4253 1057 4308 48
1076 4273 1098 4310 a.
1119 4255 1160 4310 18.
1205 4254 1279 4308 Ulm.

123 4363 144 4400 a.
166 4347 199 4400 ll
217 4363 240 4402 a.
260 4347 283 4402 7.
338 4345 371 4401 10
389 4347 419 4401 et
437 4343 559 4400 Julianis
579 4345 651 4400 lllon.
670 4341 694 4398 2.
749 4343 779 4398 ll
800 4340 913 4396 Ysidem
934 4341 1005 4398 Mon.
1025 4341 1051 4396 2.
1070 4341 1132 4398 Sub.
1148 4342 1192 4397 Kl.
1248 4343 1280 4398 12

123 4433 209 4504 Tum,
230 4433 322 4506 inquit
339 4435 382 4490 bis
401 4431 497 4505 Hystri
516 4433 609 4490 fontes
628 4433 679 4490 hat
697 4432 758 4488 Soh.
778 4429 832 4496 Kb,
854 4429 931 4486 nicht
951 4429 1020 4487 aber
1038 4430 1112 4488 lion.
1131 4431 1156 4490 2.
