3034 4922
758 289 824 364 200

229 570 333 659 Quod
360 571 553 652 -Johunnes
587 594 720 675 evang.
756 577 865 651 duxit
892 558 1049 653 Maniam
1089 577 1138 653 ad
1171 579 1375 676 hospitium

737 717 860 775 suum.

386 890 447 956 Sed
468 888 632 957 Johennss
654 890 732 958 Jesu
755 895 889 958 matrem
910 891 945 958 in
969 909 1027 958 sne
1047 894 1274 980 tnncrecepit,

307 1011 359 1052 ⁰⁰1⁶
385 995 430 1062 Et
451 997 518 1062 eius
541 997 629 1061 velut
650 1017 705 1062 sue
726 997 838 1062 metris
861 997 978 1064 hebere
999 1015 1108 1064 curem
1130 995 1223 1085 oepit.

387 1101 493 1186 Ipeem
515 1101 554 1167 ed
577 1101 753 1188 hospitium
774 1104 807 1168 in
830 1103 992 1170 civitatem
1015 1105 1116 1186 duxit,

387 1206 453 1284 Qus
475 1211 580 1274 temen
604 1207 679 1276 flere
702 1227 766 1275 non
788 1210 923 1276 messit
944 1209 1109 1298 filiumque
1132 1211 1222 1278 luxit.

298 1525 402 1610 Quod
427 1523 538 1601 dudei
566 1529 784 1602 statuerunt
811 1531 985 1604 custodes
1012 1529 1061 1604 ad
1087 1527 1312 1627 sepulcrum.

388 1737 441 1802 Ex
459 1738 614 1822 premissn
638 1739 770 1824 presidis
792 1733 886 1805 Judci
909 1742 1091 1806 statuerunt

387 1839 540 1908 Custodes
561 1861 635 1909 snos
658 1845 696 1909 ed
719 1845 908 1931 sepulerum,
932 1847 987 1932 qui
1009 1847 1070 1912 hoc
1091 1842 1325 1924 custodierunt;

309 1959 360 2002 σοί·
387 1941 496 2031 Usque
518 1945 601 2014 diem
624 1951 754 2016 tertium
776 1951 823 2016 ibi
844 1955 1096 2035 permenserunt,

387 2050 499 2138 Neque
521 2049 572 2120 die
593 2073 695 2142 neque
716 2059 808 2121 noete
831 2056 871 2123 eb
894 2055 951 2123 illo
973 2061 1177 2124 recesserunt.

356 2369 458 2455 Quod
488 2369 615 2442 enims
641 2365 732 2443 Jesu
760 2369 951 2444 descendit
977 2370 1025 2442 ad
1053 2371 1254 2446 infernum.

388 2578 467 2643 Cum
490 2575 582 2642 Jeens
605 2578 654 2642 dei
677 2577 762 2644 filius
784 2595 914 2664 corpore
936 2580 1059 2646 iacebat

389 2682 426 2748 In
450 2683 602 2767 sepulcro,
626 2683 734 2748 enims
754 2688 864 2750 ennete
884 2683 1093 2751 descendebat

296 2832 299 2840 ›
387 2785 439 2853 Ad
462 2786 597 2869 inferno,
620 2793 746 2854 sunotos
768 2795 874 2874 patres
897 2792 936 2856 ed
958 2790 1155 2876 eripiendum

314 2912 365 2954 ⁶⁰2⁶
392 2893 441 2962 De
462 2893 601 2963 tenebris
613 2899 657 2992 ,et
678 2894 800 2964 unimus
822 2895 930 2966 fideles
951 2896 1155 2966 ducendum.

235 3196 337 3281 Quod
367 3197 496 3270 vivens
537 3197 657 3272 deitas
693 3220 768 3272 non
805 3199 863 3272 est
897 3200 1073 3292 separata
1106 3219 1130 3269 s
1161 3219 1314 3292 corpore
1341 3196 1381 3269 in

267 3323 448 3416 sepulcro,
477 3339 545 3395 neo
571 3322 619 3394 eb
647 3322 773 3394 anima
800 3316 1048 3394 descendente
1074 3319 1122 3394 ed
1148 3317 1347 3394 infernum.

390 3529 569 3616 Utrobique
590 3532 691 3597 deitas
713 3531 813 3616 ipsius
837 3533 943 3596 temen
969 3532 1086 3597 mansit

391 3636 429 3702 In
452 3637 576 3702 tumulo
598 3655 670 3702 cnm
692 3655 823 3722 corpore
844 3641 877 3702 et
898 3637 938 3702 ed
961 3636 1120 3702 infernum
1142 3635 1260 3704 transit

393 3741 473 3808 Cum
496 3741 596 3827 ipsius
619 3741 736 3823 enims,
759 3761 816 3808 nee
837 3759 979 3827 unquam
1001 3741 1130 3807 deitatis

388 3847 511 3932 Corpus
535 3847 603 3911 vito
622 3843 726 3912 comit
748 3868 805 3913 nec
824 3851 904 3933 typo
926 3847 1110 3914 maiestetis.

312 3973 363 4010 ⁶⁰³⁰
389 3951 508 4019 Anime
530 3952 655 4036 privetu
675 3953 726 4018 cst
745 3953 801 4018 sed
824 3953 951 4019 deitatis
974 3953 1041 4019 vite

389 4057 524 4142 Corpori
546 4061 579 4123 et
598 4059 704 4124 cnime
727 4077 850 4144 semper
872 4063 920 4124 eet
942 4058 1042 4140 unite,

391 4161 435 4228 Et
457 4162 484 4227 si
507 4181 641 4246 pensons
661 4163 721 4228 filii
743 4163 964 4249 quoddemodo
986 4165 1088 4231 diviso

391 4265 451 4332 Per
474 4271 609 4332 mortem
631 4261 749 4334 (utristi
771 4261 938 4334 videbator
961 4273 993 4335 et
1013 4268 1155 4359 soporum
1176 4267 1246 4342 visa

390 4370 509 4442 emma
530 4372 569 4442 de
591 4394 720 4465 corpore
742 4371 806 4444 fuit
827 4375 860 4438 et
882 4372 982 4447 reciso
