3072 4936
697 375 739 442 85

140 551 251 616 dentes
273 555 305 616 et
327 555 472 636 potentes
494 552 597 630 viros,
632 555 668 616 ut
691 549 836 617 Ulricum
859 551 1005 638 ldhinger
1037 554 1224 638 magistrum
1248 553 1294 618 ci-

141 657 237 736 vium,
263 655 421 722 Joannem
444 662 476 721 et
500 656 672 741 Georgium
696 657 802 741 legum
825 658 983 737 doctores,
1007 663 1039 722 et
1061 657 1126 722 iam
1149 657 1294 724 Ulricum

141 784 179 826 ec
201 759 405 826 Waltherum
430 761 616 846 praefectum
639 757 854 827 comitatuum
871 766 903 826 et
924 762 1031 847 plures
1054 763 1143 827 alios.

228 865 289 930 Hee
321 867 392 932 dnae
421 865 552 931 familiae
584 889 647 930 una
670 865 757 931 facta
783 867 914 932 ditiores
945 871 978 933 et
1000 868 1194 952 potentiores
1218 871 1294 932 sunt

142 971 306 1050 omnibus,
339 972 387 1037 ita
418 973 503 1055 quod
534 973 678 1056 iamper
706 973 857 1038 ducentos
884 994 985 1038 annos
1016 995 1180 1057 nunquam
1203 973 1295 1036 stetit

144 1074 241 1140 Ulrna
261 1077 330 1142 sine
345 1077 497 1162 praet'ccto
520 1079 569 1142 vel
592 1079 696 1162 capite
719 1079 757 1142 de
775 1078 1057 1163 Ehingerensibus.
1103 1077 1293 1142 Vetustissi-

141 1203 210 1246 mas
244 1181 368 1246 litteras
397 1183 561 1247 ostendere
593 1189 725 1267 possunt
757 1184 941 1248 testimonia
972 1206 1037 1248 suae
1063 1183 1293 1267 antiquissimae

140 1287 332 1352 nobilitatis.

231 1390 314 1456 Sunt
337 1398 452 1476 preater
474 1391 553 1456 istos
576 1377 721 1478 Ehingar
744 1394 798 1458 alii
821 1394 944 1460 nobiles
977 1395 1011 1458 in
1035 1392 1150 1458 Suevia
1172 1393 1292 1458 domini

140 1499 181 1562 de
202 1497 353 1582 Ehingen
376 1498 566 1581 nuncupati,
600 1498 656 1582 qui
687 1497 767 1562 alies
796 1498 916 1564 habent
945 1498 1067 1564 natales
1095 1498 1200 1578 sedes,
1229 1499 1294 1563 alie

140 1600 312 1667 stemmata
334 1601 384 1667 vel
406 1625 511 1680 arma,
544 1601 582 1667 de
605 1605 722 1688 quibus
744 1603 840 1689 loqui·
862 1627 926 1669 uon
949 1609 998 1670 est
1019 1606 1059 1669 ad
1082 1604 1290 1688 propositum.

598 1777 837 1844 Besserer¹.

231 1917 501 1982 Bessererensium
524 1916 707 2000 spectabilis
730 1917 855 1982 familia
876 1939 940 1982 una
962 1919 1001 2014 de
1024 1918 1135 2002 primis
1158 1915 1291 1984 Ulmen-
1352 1951 1354 1956 v

140 2023 235 2098 sium,
259 2045 356 2106 quam
370 2045 533 2106 nunquam
556 2023 679 2086 civitati
704 2022 837 2087 ulmensi
860 2023 996 2088 defuisse
1016 2023 1291 2106 deprehendimus,

140 2129 195 2192 sed
219 2129 315 2192 simul
331 2149 402 2192 cum
418 2127 547 2192 civitate
569 2127 704 2192 crevisse
723 2128 889 2194 credimus.
913 2151 1037 2213 semper
1051 2129 1136 2193 inter
1151 2130 1290 2212 optima-

143 2239 191 2298 tes
214 2235 388 2318 computati
420 2233 646 2317 rempublicam
670 2230 870 2298 Ulmensium
897 2232 1084 2316 prudentie,
1117 2234 1237 2297 divitiis
1260 2238 1292 2298 et

141 2339 257 2404 robore
285 2361 408 2422 semper
439 2337 606 2403 meliorare
635 2339 816 2404 studebant.
862 2337 1001 2418 Idcirco,
1031 2343 1069 2402 ut
1099 2339 1145 2403 rei
1176 2360 1291 2403 nomen

142 2444 363 2508 testimoninm
386 2443 567 2522 exhiberet,
603 2443 820 2508 melioratores
853 2443 1030 2528 vulgariter
1052 2443 1194 2508 besserer
1216 2447 1292 2507 sunt

141 2549 329 2632 nuncupati.
376 2548 556 2614 Credantur
577 2548 662 2612 enim
685 2550 861 2633 antiquitus
885 2550 971 2613 aliud
994 2549 1143 2613 habuisse
1165 2570 1291 2626 noman,

140 2653 197 2716 sed
222 2653 307 2737 quia,
331 2675 552 2738 quamcunque
574 2676 639 2718 rem
664 2655 847 2718 tractabant
868 2657 901 2719 et
924 2675 1144 2738 quemcunque
1164 2673 1291 2716 causam

141 2757 182 2822 ad
206 2780 280 2822 suas
302 2759 517 2844 suscipiebant
538 2781 661 2836 manus,
685 2759 780 2823 etiarn
805 2760 843 2824 de
860 2759 1034 2843 desperatis
1057 2757 1195 2844 negotiis
1217 2777 1291 2820 mox

140 2861 387 2942 meliorabatur,
418 2868 449 2927 et
472 2885 571 2947 preve
593 2865 626 2926 in
650 2863 770 2928 directa
792 2864 1059 2928 convertebantur
1088 2867 1120 2928 et
1142 2861 1292 2946 perplexa

140 2969 364 3048 solvebantur,
394 2973 547 3053 tanquam
571 2969 598 3034 si
621 2967 721 3032 felicis
745 2969 883 3032 fortunae
914 2990 1015 3054 genus
1039 2973 1070 3033 et
1092 2967 1152 3032 filii
1175 2971 1292 3045 essent,

140 3077 200 3138 aut
222 3073 249 3136 si
272 3071 418 3138 Lachesis
441 3073 532 3138 Oloto
555 3078 587 3138 at
603 3073 752 3157 Atropos,
776 3094 920 3138 sororum
943 3073 1084 3137 omnium
1108 3071 1292 3136 mortalium

140 3176 400 3262 contingentium
415 3179 572 3263 principio
588 3178 691 3243 medio
706 3175 793 3242 fine²
811 3179 1036 3258 assistentium,
1053 3178 1185 3242 arrisum
1203 3175 1293 3240 inde·

140 3281 299 3348 finientem
315 3283 480 3350 haberent.
528 3282 577 3347 Ex
597 3283 648 3348 his
671 3284 797 3367 opinari
814 3283 896 3347 ratio
912 3285 1010 3368 cogit,
1033 3282 1117 3367 qnod
1133 3280 1292 3366 quondam

140 3387 296 3472 grandem
327 3411 471 3469 causam,
506 3389 538 3452 in
571 3411 636 3473 qun
670 3394 738 3453 tota
771 3388 949 3472 respublica
982 3394 1075 3454 terrae
1109 3385 1293 3450 minabatur

140 3493 287 3572 ruinam,
318 3493 352 3557 hi
376 3495 522 3559 Besserer
554 3491 712 3558 fortunati
743 3492 974 3558 relevaverunt.
1018 3491 1057 3558 In
1080 3513 1143 3577 quo
1165 3488 1292 3574 insigne

142 3619 261 3661 nomen
276 3597 422 3663 Besserer
444 3598 485 3662 ab
508 3597 622 3663 effectu
637 3603 890 3681 promeruerunt,
914 3600 997 3682 quod
1014 3619 1129 3662 nornen
1152 3595 1293 3679 antiqua

140 3701 322 3767 nobilitatis
345 3707 378 3768 ct
401 3703 555 3768 bonitatis
577 3703 797 3770 testimonium
822 3702 962 3786 praefert.
1008 3701 1102 3767 Unde
1131 3700 1208 3785 qnia
1230 3700 1294 3764 rei-

141 3807 279 3892 publice
301 3831 366 3873 suae
389 3809 529 3874 civitatis
552 3807 727 3873 fidelissimi
751 3809 927 3874 extiterunt
949 3813 981 3873 et
1003 3831 1061 3893 pro
1084 3829 1121 3872 ea
1142 3804 1292 3890 periculis

142 3912 256 3976 mortis
271 3935 305 3977 se
321 3917 545 3998 exposuerunt,
561 3915 805 3978 communitates
818 3913 954 3978 aliarum
969 3913 1137 3979 civitatum
1150 3915 1293 3994 tempore

142 4017 300 4082 bellorum
332 4019 543 4083 communiter
574 4019 699 4104 eligunt
733 4019 872 4101 aliquem
908 4041 946 4084 ex
978 4017 1056 4102 ipsis
1090 4016 1292 4100 capitaneum

141 4121 229 4186 balli.
262 4123 345 4187 sicut
366 4123 513 4188 dominus
537 4121 706 4187 Heinricus
730 4123 877 4188 Besserer
899 4127 932 4188 et
961 4123 1107 4188 dominus
1130 4119 1294 4187 Gonradus

141 4223 292 4292 Besserer
323 4228 497 4316 successive
526 4228 740 4293 communium
771 4228 938 4294 civitatum
966 4229 1124 4314 capitanei
1153 4227 1294 4300 fuerunt,

710 4375 727 4414 ᾖ

217 4457 228 4508 l
252 4453 292 4509 De
309 4452 517 4509 Besseranaibns
537 4453 610 4509 tlon.
628 4453 654 4510 2.
672 4455 742 4510 (loli.
762 4455 846 4510 Woll.
908 4455 924 4507 2
944 4455 991 4508 fini
1011 4452 1083 4507 Base.

194 4560 323 4602 nrm-sn·
338 4561 367 4601 ds
380 4559 479 4602 clvltata
495 4560 604 4600 nimand.
1069 4557 1086 4610 6
