3014 4926
780 365 842 440 148

397 545 499 616 Dorso
522 569 579 614 suo
602 547 758 614 baiulabit
781 548 878 612 fontis
902 569 984 633 aqua
1006 545 1142 634 plenam.

317 673 368 712 ⁴2⁸⁰
394 655 490 722 Illum
512 678 567 721 vus
591 655 759 741 sagnimini
783 676 980 740 quocumque
1002 655 1184 734 declinabit,

394 760 537 826 Laudens
559 761 688 826 domum
710 782 767 826 vos
789 760 1035 852 intrantas'ipse
1057 782 1152 845 quam
1173 760 1327 840 intrabit;

396 865 504 951 Atque
526 867 638 931 domus
660 865 822 930 dominum
845 865 931 930 illius
953 865 1133 950 inquiretis,

396 970 446 1034 Ex
468 993 518 1036 me
541 971 603 1036 sibi
625 971 704 1036 talia
725 971 810 1037 dicta
833 970 1000 1038 referetis:

401 1075 595 1162 »Magister
617 1079 725 1140 noster
747 1079 825 1161 aput
847 1079 879 1140 te
901 1075 971 1142 vult
993 1076 1111 1160 pascha
1133 1075 1332 1156 manducare,

319 1197 370 1235 ⁴2⁸⁶
397 1179 485 1266 Ergo
507 1185 610 1267 rogat,
633 1185 670 1245 nt
692 1186 728 1246 tu
750 1181 842 1245 nobis
864 1181 941 1246 velis
964 1181 1179 1246 demonstrare

397 1283 515 1348 Locum
537 1289 648 1368 aptum
671 1307 764 1369 quem
789 1284 828 1348 ad
851 1284 911 1349 hcc
933 1285 1090 1368 possimus
1111 1285 1267 1365 ordinare,

401 1391 448 1453 Ac
469 1389 515 1454 ibi
538 1391 714 1454 necessaria
736 1409 859 1474 queque
882 1409 1101 1473 preparare«

401 1492 522 1559 »Vobis
544 1495 597 1560 hic
618 1494 801 1560 cenaculum
823 1493 968 1560 ostendet
990 1493 1109 1579 grande
1131 1499 1277 1573 stratum

401 1599 491 1676 Quod
514 1605 562 1665 ast
584 1601 662 1666 satis
685 1601 869 1684 spatiosum,
894 1599 1035 1684 amplum
1058 1604 1153 1684 atque
1175 1598 1286 1664 latum.

324 1723 376 1759 rao
403 1702 473 1769 Hoc
494 1705 578 1770 idem
600 1705 783 1770 cenaculum
804 1706 960 1770 intrantes
984 1705 1137 1784 ordinate,

400 1809 445 1874 nt
466 1810 506 1875 ad
528 1811 781 1877 manducandum
803 1810 894 1876 nobis
917 1809 1034 1894 pascha
1056 1814 1252 1895 preparate«

403 1914 448 1978 Hi
471 1915 533 1980 duc
557 1914 703 1999 discipuli
725 1916 834 1980 statim
858 1913 1013 1994 abierunt,

404 2017 497 2083 Jesus
520 2023 557 2083 ut
578 2019 757 2103 predixerat
778 2023 892 2084 cuncta
913 2022 1128 2103 reppererunt,

405 2120 555 2208 Idemque
577 2122 759 2188 cenaculum
783 2125 943 2188 ostensum
966 2121 1176 2202 intraverunt,

327 2245 378 2285 aas
405 2225 449 2291 Et
471 2228 510 2291 ad
533 2228 786 2294 manducandum
808 2227 926 2311 pascha
947 2231 1060 2292 cuncta
1081 2229 1273 2313 paraverunt

406 2331 466 2397 Sed
489 2333 553 2397 iam
575 2332 661 2396 lactc
683 2353 811 2416 vespere
833 2330 926 2398 Jesus
949 2333 1097 2398 veniebat

406 2435 485 2502 (lum
507 2438 572 2502 suis
595 2437 755 2522 discipulis
778 2437 818 2502 ad
839 2459 948 2503 cenam
970 2437 1187 2504 discumbebat

404 2542 486 2628 Ipsis
509 2543 788 2623 discumbentibus,
811 2565 883 2608 cum
905 2543 974 2608 iam
993 2543 1166 2618 censbatur

407 2648 458 2712 Ad
482 2670 554 2713 suos
576 2648 745 2733 discipulos
767 2647 860 2714 Jesus
883 2649 1087 2734 loquebatur:

337 2772 389 2810 noo
418 2753 619 2838 »Antequam
642 2775 726 2818 nunc
747 2754 852 2838 patiar
872 2754 932 2819 hcc
954 2753 1127 2818 desideravi

407 2857 579 2924 Vobiscum
602 2859 719 2943 pascha
740 2860 930 2926 manducare
952 2858 1035 2944 quod
1057 2857 1150 2922 modo
1174 2856 1392 2922 manducavi«

420 3176 524 3262 Quod
551 3177 662 3252 -Jesus
688 3179 784 3251 lavit
810 3177 921 3273 pedes
949 3175 1224 3272 discipulorum.

410 3383 495 3451 Cena
516 3386 656 3451 nondum
679 3387 736 3452 hcc
758 3389 894 3470 peracta,
918 3385 1062 3452 dominus
1086 3385 1246 3472 surgebat,

412 3489 523 3556 Vestes
547 3513 620 3556 suas
642 3493 758 3576 posuit,
781 3513 814 3556 se
836 3491 934 3556 linteo
955 3489 1113 3576 cingebat,

411 3593 531 3660 Pelvim
554 3597 683 3680 plenum
705 3619 788 3681 aqna
810 3595 871 3660 sibi
894 3597 962 3661 dari
984 3596 1168 3680 postulavit,

333 3719 385 3755 4³⁰⁶
411 3699 647 3785 Discipulcrum
671 3702 811 3765 omnium
834 3701 927 3786 pedes
949 3701 1016 3786 ipse
1038 3701 1127 3780 lavit,

411 3803 455 3867 Et
477 3806 608 3870 extersit
631 3806 729 3872 linteo
752 3829 815 3891 quc
837 3805 1090 3891 precingebatnr‚

411 3909 463 3973 Ad
486 3911 578 3993 pedes
600 3909 693 3976 Jesus
716 3912 857 3978 omnium
879 3913 924 3977 sic
943 3911 1139 3976 humiliatur.

412 4013 491 4078 Cum
513 4017 552 4079 ad
577 4014 715 4096 Petrum,
738 4022 775 4081 ut
797 4017 927 4098 lavaret,
950 4019 1082 4096 veniret,
1105 4021 1181 4082 tunc
1202 4016 1330 4100 expavit

410 4115 533 4198 Petrus,
557 4126 589 4184 et
611 4122 651 4185 ad
673 4121 835 4186 dominum
858 4122 963 4186 dicens
985 4121 1187 4186 exclamavit:

336 4241 387 4278 uro
417 4221 518 4288 »Mihi
540 4225 633 4309 pedes
656 4225 782 4291 domine
805 4249 966 4312 nunquam
989 4231 1025 4290 tu
1048 4226 1169 4291 lavabis
1182 4229 1208 4290 ξι

412 4325 506 4392 Jesus
529 4329 592 4393 ait:
620 4330 688 4394 »Au
711 4331 881 4396 lavandum
903 4331 997 4415 pedes
1019 4331 1047 4394 si
1069 4353 1133 4396 non
1156 4330 1256 4410 dabis,

412 4431 517 4498 Patris
540 4435 601 4500 mei
624 4437 715 4522 regni
737 4441 859 4521 partem
883 4459 1005 4502 mecum
1027 4457 1091 4503 uon
1113 4433 1256 4518 hebebis,
