3014 4926
655 329 697 407 tt

266 517 355 600 Quod
378 515 509 605 collegit
531 515 680 584 herbulas
702 515 821 581 multas
843 535 978 601 quarum
1000 537 1071 583 esua

264 627 302 694 In
324 649 386 694 unu
407 647 471 691 nou
493 628 541 690 est
562 623 738 702 hominum,
762 627 870 688 tumen
893 623 1053 688 dulcerate

264 733 408 800 Fuerunt
429 731 665 799 comedentibus
687 729 795 796 divina
817 735 984 815 potestate.

173 1051 228 1125 De
255 1073 353 1147 aqua
379 1073 492 1146 quem
519 1050 689 1146 portavit
715 1071 807 1144 puer
833 1049 945 1124 desua
972 1051 1011 1122 in
1038 1051 1189 1143 gremio.

264 1260 349 1328 Fons
371 1263 441 1327 erat
461 1281 560 1345 prope
581 1255 740 1324 Nazareth
765 1257 806 1323 ad
827 1280 921 1343 quem
943 1258 1091 1323 veniebat

190 1385 242 1424 aa
269 1367 347 1452 Sepe
369 1363 472 1444 lenus,
496 1385 610 1450 equam
633 1385 689 1428 eue
711 1363 806 1428 matri
829 1363 998 1429 deferebat.

265 1469 338 1538 lbat
358 1491 436 1557 ergo
458 1471 508 1536 die
531 1469 676 1556 quadam,
701 1489 817 1553 aquam
839 1471 876 1533 ut
898 1473 1040 1554 portaret

265 1579 309 1644 Et
332 1597 459 1642 urceum
481 1575 514 1640 in
538 1574 684 1639 manibus
707 1571 772 1638 suin
795 1573 959 1654 baiolaret‚

267 1679 330 1748 Ubi
353 1703 420 1746 rem
441 1677 621 1744 mirandam
642 1676 737 1742 nimie
760 1699 839 1760 puer
861 1675 956 1744 Jesus
979 1679 1054 1765 egit,

266 1785 350 1852 Nam
372 1785 536 1862 amfomm,
560 1803 656 1869 quam
677 1782 824 1847 manibus
847 1783 1009 1865 baiolavit‚
1031 1785 1138 1872 fregit,

188 1913 240 1950 noo
267 1891 311 1958 llt
331 1913 388 1958 sue
409 1889 506 1956 vectis
528 1887 650 1975 gremio
673 1887 771 1953 fontis
794 1909 909 1973 aquam
930 1889 1047 1968 hausit,

266 1996 371 2082 Ipsam
394 1995 487 2060 utin
510 2015 602 2059 urceo
625 1991 697 2058 sinu
718 2015 776 2058 suo
799 1993 922 2074 clausit,

266 2101 317 2168 Ita
338 2103 423 2188 quod
445 2122 502 2166 nec
523 2121 588 2164 una
610 2101 705 2184 gutta
726 2119 782 2182 per
804 2121 945 2184 pannum
968 2099 1145 2176 emanavit3

268 2205 319 2274 Sic
341 2227 458 2293 aquam
479 2205 608 2270 domum
630 2203 753 2268 rediens
776 2205 872 2268 matri
894 2203 1082 2290 deportavit.

266 2311 336 2379 Hoc
358 2311 501 2378 videnter
523 2308 613 2395 pueri
636 2329 709 2374 anas
731 2308 956 2395 confregerunt

191 2436 243 2474 me
268 2417 418 2483 Amforas
441 2419 473 2482 et
494 2416 582 2481 sinus
604 2435 677 2480 suos
700 2435 816 2500 aquam
837 2415 1047 2499 repleverunt,

267 2521 343 2603 Que,
367 2523 449 2587 sicut
470 2521 536 2587 eius
559 2519 660 2606 exigit
681 2523 806 2598 natura,
829 2521 1017 2604 penetravit,

266 2627 326 2694 Per
347 2627 507 2714 pannique
529 2625 687 2692 foramina
709 2623 810 2689 fluens
833 2628 1003 2692 emanavit.

267 2731 316 2799 Ob
338 2734 399 2798 hoc
418 2731 468 2797 illi
490 2731 676 2796 contristate
698 2729 800 2795 redire
823 2753 886 2796 non
909 2732 1067 2800 audebant

266 2839 413 2918 Domum,
436 2837 491 2903 sed
513 2837 552 2902 ad
574 2837 695 2901 fontem
718 2835 813 2900 simul
835 2838 1005 2904 residentes
1027 2839 1156 2904 flebant.

193 2963 244 3002 που
269 2943 358 3010 'lunc
380 2943 519 3028 precepit
540 2943 604 3008 illis
627 2939 730 3021 Jesus,
753 2945 790 3006 ut
811 2946 909 3007 testas
931 2951 1162 3030 congregarent

267 3050 312 3115 llt
333 3049 371 3113 ed
395 3069 466 3113 eum
489 3045 608 3132 singuli
631 3067 704 3111 suas
727 3051 970 3132 comportarent.

268 3149 442 3219 Confestim
465 3151 531 3217 eiua
554 3151 639 3216 urcei
662 3151 795 3216 testulas
818 3151 947 3239 collegit

267 3257 378 3335 Quivis
399 3261 432 3322 et
453 3257 487 3321 in
510 3277 586 3320 vasa
608 3254 701 3321 Jesus
725 3257 783 3321 has
806 3257 942 3340 pristina
965 3257 1103 3344 redegit;

269 3363 362 3429 Pueri
384 3383 459 3428 nam
480 3359 613 3427 testulae
635 3383 708 3426 suas
732 3366 948 3446 portaverunt,

191 3485 242 3524 aa
269 3467 316 3532 Ao
338 3467 377 3532 ad
400 3467 492 3552 pedae
515 3468 604 3551 pueri
627 3465 719 3532 Jeoua
743 3475 925 3552 posuerunt.

267 3571 356 3638 Tunc
378 3569 470 3638 Jeous
493 3571 565 3637 illae
586 3573 719 3638 testulas
743 3595 838 3638 manu
862 3573 1071 3660 consignavit,

269 3677 311 3742 llt
332 3677 453 3742 cunctis
475 3675 677 3742 audientibus
699 3675 763 3742 illis
786 3677 963 3762 imperarit,

270 3779 314 3846 Ut
336 3781 375 3846 ad
397 3803 453 3848 sue
475 3782 585 3866 quevis
604 3781 713 3846 locum
734 3782 851 3848 rediret
874 3805 947 3847 mox
969 3784 1108 3848 fracture

267 3885 311 3950 ltt
333 3887 473 3972 quelibet
494 3907 527 3951 se
549 3887 695 3973 iungeret
717 3887 851 3972 pristine
872 3886 1026 3953 iuncture.

193 4009 245 4046 22¹⁰
270 3987 384 4056 Statim
407 3989 462 4056 ille
483 3991 598 4057 lentule
621 4015 676 4076 per
698 4015 731 4058 se
753 3993 977 4058 combinantur

269 4095 311 4160 Et
332 4096 495 4162 confracta
517 4097 644 4162 vascula
665 4119 790 4162 rursum
813 4097 1035 4184 integrantur3

269 4199 313 4264 Et
335 4201 454 4268 amlore
476 4224 537 4287 que
559 4202 685 4267 fuerant
707 4203 740 4266 in
764 4203 902 4268 frustula
925 4205 1084 4271 confracte

269 4302 307 4369 ln
329 4327 403 4372 rara
425 4307 513 4373 volut
535 4311 629 4373 antea
651 4329 706 4392 per
728 4305 837 4373 Jesum
859 4313 935 4373 sunt
957 4310 1090 4374 redacte.

270 4408 347 4476 Cum
369 4410 429 4478 hoc
453 4413 594 4480 uiderent
617 4411 707 4500 pueri
729 4414 903 4502 gaudentes
925 4418 1112 4500 receperunt
