3088 4938
809 347 852 410 64

256 521 318 586 dici
348 526 480 604 possunt
505 520 634 600 heroes,
664 522 704 586 ad
733 521 862 585 modum
893 521 975 588 sicut
1003 521 1037 586 in
1060 521 1305 587 auctoritatibus
1327 545 1409 608 gen·

256 625 361 691 tilium
395 625 506 692 heroes
530 627 732 712 appellantur
763 628 819 712 qui
842 650 880 693 ex
903 651 966 694 uno
998 633 1129 712 parente
1152 629 1280 692 mortali
1314 633 1409 694 etex

257 731 358 796 altero
374 737 549 796 nascuntur
571 733 756 812 immortali,
779 733 862 798 sicut
878 731 1020 798 Achilles
1044 756 1082 798 ex
1097 732 1191 798 Peleo
1213 739 1305 818 patre
1321 757 1409 799 mor-

255 837 313 901 tali
336 841 368 901 et
390 837 448 916 dea
470 837 554 902 dicta
579 837 714 904 Thetide
736 838 909 904 immortali
931 843 1037 904 ortum
1060 838 1183 904 habuit.
1207 839 1276 904 haec
1299 847 1408 906 antem

255 942 366 1007 Thetis
389 943 559 1008 secundum
583 944 779 1029 theologiam
812 949 977 1028 poetarum
1006 943 1228 1028 potentissima
1258 946 1410 1012 deserat

255 1069 428 1132 aquarum,
462 1049 513 1114 cui
536 1055 642 1114 tamen
665 1049 793 1134 Jupiter
815 1049 906 1134 iungi
935 1049 1039 1114 noluit
1060 1051 1161 1114 sciens
1184 1073 1223 1115 ex
1245 1075 1282 1116 ea
1303 1051 1409 1116 filium

126 1217 132 1228 ,
256 1153 453 1218 nasciturum
486 1155 637 1220 maiorem
670 1160 769 1239 patre.
815 1155 886 1220 ideo
913 1153 1008 1219 Peleo
1041 1154 1182 1234 homini,
1211 1157 1266 1240 qui
1299 1161 1406 1222 tamen

255 1258 381 1342 magnis
404 1281 529 1343 semper
558 1260 750 1326 interfuerat
772 1260 928 1344 negotiis,
959 1260 1078 1324 tradita
1104 1259 1185 1340 fuit,
1209 1265 1241 1326 et
1270 1261 1310 1326 ad
1339 1261 1409 1327 eius

254 1365 385 1448 nuptias
412 1387 521 1430 omnes
552 1365 596 1429 dii
619 1370 651 1430 et
673 1366 739 1429 deae
761 1365 879 1442 vocati,
911 1365 1039 1448 dempta
1061 1365 1236 1430 Discordia.
1281 1364 1317 1430 In
1335 1349 1409 1432 'illis
1437 1393 1441 1402 ’

255 1469 376 1554 nuptiis
399 1470 536 1555 contigit
563 1469 705 1555 litigium
728 1468 867 1534 Palladis
890 1467 1023 1534 Veneris
1054 1475 1086 1535 et
1107 1468 1245 1536 Junonis
1275 1477 1409 1556 propter

255 1597 385 1658 pomum
409 1597 538 1640 aureum
562 1581 621 1640 etc.
668 1573 826 1658 concepto
856 1579 963 1640 autem
989 1573 1115 1640 Achille
1143 1581 1177 1640 et
1205 1581 1282 1642 nato
1303 1582 1409 1643 mater

255 1678 388 1744 tradidit
410 1701 481 1744 eum
504 1678 662 1746 Centauro
685 1679 831 1759 (lhironi‚
866 1679 922 1764 qui
946 1679 975 1744 ei
997 1678 1122 1746 nullum
1153 1681 1259 1746 cibum
1291 1683 1409 1748 tribuit

255 1784 316 1849 nisi
340 1785 378 1850 de
401 1785 511 1850 bestiis
535 1809 554 1850 a
576 1808 609 1850 se
631 1785 750 1869 captis,
783 1789 815 1849 et
837 1785 871 1848 in
893 1784 1103 1850 fortissimum
1136 1787 1240 1851 virum
1263 1789 1408 1854 omnium
1523 1839 1524 1848 ,

255 1890 437 1956 Graecorum
458 1892 568 1972 evasit,
591 1897 624 1957 et
647 1892 679 1955 in
696 1891 835 1956 Troiano
858 1891 943 1956 bello
958 1891 1157 1956 nobilissimo
1180 1892 1290 1958 multis
1305 1893 1408 1958 inter·
1523 1889 1524 1922 ³

254 1997 369 2080 emptis
403 1995 573 2062 Hectorem
605 2002 637 2062 εὴ
671 1996 815 2061 Troilum
845 1995 990 2062 extinxit.
1047 1996 1125 2062 Haec
1158 1997 1293 2062 historia
1327 1999 1408 2064 bene

256 2102 426 2186 adaptatur
456 2103 655 2187 generationi
687 2102 886 2186 quorundam
916 2101 1042 2169 civium.
1089 2100 1173 2167 Nam
1196 2102 1274 2168 olim
1297 2127 1408 2170 omncs

255 2207 378 2272 nobiles
401 2208 587 2273 dicebantur
610 2207 654 2272 dii
677 2207 874 2292 temporibus
899 2207 1126 2286 Troianorum
1162 2207 1274 2274 Peleus
1297 2215 1405 2274 autem
1473 2267 1477 2276 .

254 2335 317 2377 non
335 2312 452 2377 nobilis
472 2313 524 2377 sed
537 2317 644 2378 tamen
656 2317 803 2397 expertus
815 2312 944 2378 Thetidi
953 2309 1019 2378 dese
1032 2313 1236 2378 matrimonio
1249 2314 1406 2400 iungitur.

256 2417 335 2482 Cum
351 2419 428 2483 civis
444 2419 583 2484 nobilem
596 2420 766 2503 desponsat
780 2441 911 2483 uxorem
933 2419 989 2503 qui
1004 2441 1063 2484 sua
1078 2419 1274 2503 experientia
1288 2421 1409 2486 meruit

255 2521 373 2587 habere
395 2523 553 2605 nobilem,
584 2530 713 2609 propter
736 2524 802 2590 eius
826 2527 931 2590 antem
955 2524 1106 2590 virtutem
1129 2530 1162 2590 et
1183 2525 1291 2590 uxoris
1314 2527 1408 2613 inge-

255 2627 411 2693 nuitatem
433 2631 565 2696 veniunt
588 2631 627 2695 ad
643 2630 771 2714 nuptias
794 2651 902 2694 omnes
919 2629 1051 2710 nobiles,
1073 2629 1173 2715 fitque
1196 2637 1326 2716 propter
1349 2634 1408 2698 ab·
1522 2671 1523 2714 3

254 2734 389 2798 sentiam
416 2734 579 2800 discordiae
604 2759 666 2820 pax
692 2735 775 2800 inter
791 2735 913 2800 nobiles
930 2739 961 2800 et
977 2734 1076 2810 cives;
1100 2757 1170 2818 quae
1186 2739 1292 2800 tamen
1310 2736 1407 2802 dura-

255 2839 329 2903 bilis
352 2845 496 2919 nonest,
520 2840 595 2924 quia
618 2839 710 2904 malis
734 2837 838 2903 aureis
860 2838 893 2903 h.
918 2861 944 2902 e.
968 2836 1061 2902 bonis
1084 2840 1312 2924 temporalibus
1335 2846 1408 2906 tur·

255 2944 351 3009 batur
373 2967 435 3028 pax
459 2944 543 3010 inter
558 2967 620 3009 cos.
667 2945 772 3009 Mater
787 2947 893 3009 autem
916 2943 1042 3022 nobilis,
1066 2949 1103 3010 ut
1118 2944 1229 3010 Thetis
1247 2945 1406 3010 Achillem

254 3051 400 3116 iuvenem
433 3053 568 3135 longca
598 3073 631 3116 se
654 3050 743 3115 misit
765 3049 880 3134 stygiis
913 3049 1006 3113 undis
1038 3049 1248 3135 immergens,
1281 3051 1326 3115 sic
1349 3051 1409 3116 illa

254 3157 355 3221 filium
372 3161 484 3221 natum
499 3155 681 3220 nobilium²
703 3155 799 3219 curiae
822 3155 969 3234 destinat,
994 3154 1049 3218 ubi
1071 3155 1273 3242 immergitur
1295 3157 1408 3221 multis

253 3263 390 3328 miseriis
413 3268 444 3328 et
467 3262 608 3347 pascitur
631 3265 757 3327 tantum
781 3260 892 3325 bestiis
915 3283 934 3324 a
956 3283 989 3324 se
1012 3261 1112 3343 captis
1135 3259 1157 3325 i.
1181 3284 1207 3326 e.
1232 3263 1270 3326 de
1292 3263 1408 3346 rapina

255 3391 329 3435 ase
352 3374 454 3452 capta,
478 3374 510 3433 et
532 3368 579 3433 ita
601 3367 759 3432 enutritus
782 3387 854 3430 cum
870 3364 1031 3431 nobilibus
1055 3366 1137 3431 bella
1159 3367 1350 3453 ingreditur,
1374 3373 1408 3433 et

255 3482 385 3560 propter
400 3474 535 3558 grandia
551 3475 635 3538 lacta
658 3495 715 3557 pro
736 3477 805 3536 toto
821 3471 967 3536 deificato
982 3471 1003 3536 i.
1020 3493 1047 3535 e.
1070 3471 1242 3538 nobilitato
1258 3472 1407 3538 habetur.

255 3578 338 3646 Sunt
353 3601 430 3664 ergo
453 3580 536 3644 cives
552 3577 718 3644 Ulmenses
741 3577 835 3642 multi
851 3577 1000 3656 Achillei,
1024 3577 1146 3644 nobiles
1166 3601 1204 3642 ex
1226 3584 1329 3644 matre
1344 3579 1407 3644 sci·

255 3687 344 3764 licet,
378 3687 464 3750 etsi
494 3684 750 3750 continuaverint
772 3707 829 3767 pro
860 3683 936 3747 filiis
960 3683 1025 3748 suis
1056 3681 1216 3748 connubia
1238 3682 1405 3763 nobilium,

254 3792 381 3857 tandem
405 3815 442 3856 ex
466 3797 535 3856 toto
558 3789 742 3855 efficiuntur
765 3787 896 3853 nobiles.
942 3787 986 3852 Et
1008 3787 1067 3852 hos
1091 3787 1258 3852 nominant
1281 3787 1407 3854 nobiles

254 3899 371 3964 tinctos
395 3920 474 3982 quos
489 3897 577 3981 prius
594 3894 829 3960 nominavimus
850 3893 962 3959 heroes
978 3897 1010 3958 et
1025 3893 1197 3958 Achilleos.
1243 3891 1406 3958 Dicuntur

255 4010 360 4069 autem
383 4003 486 4082 tincti,
511 4002 586 4086 quia
602 4025 657 4085 per
680 4000 884 4085 agnationem
900 3999 1002 4064 nobili
1023 3998 1173 4083 sanguini
1188 3998 1407 4084 intinguntur,

254 4113 286 4174 et
309 4132 364 4194 per
387 4107 602 4172 continuatam
629 4105 800 4171 tincturam
822 4104 996 4169 indubitati
1011 4103 1134 4168 nobiles
1157 4105 1305 4200 evadunt.
1352 4103 1406 4168 Sic

255 4215 372 4279 tinctus
397 4213 459 4277 fuit
482 4211 603 4292 David,
635 4213 743 4278 ovium
773 4216 883 4297 pastor
913 4210 1045 4290 ruralis,
1080 4209 1260 4295 accipiendo
1283 4207 1407 4274 Michol

820 4343 836 4380 ὴ

327 4423 340 4476 1
360 4419 544 4476 nobilitatum
561 4421 635 4478 Mon.
653 4421 678 4475 2.
