2996 4924
753 325 795 394 78

282 521 333 559 21⁶⁰
361 503 444 568 Nam
468 517 523 589 per
549 505 632 568 viam
655 523 728 586 sepe
750 503 834 568 sitim
859 503 1029 568 maximam
1052 501 1225 582 habebant,

358 607 488 674 Famem
510 613 543 674 et
563 609 729 693 penuriam
752 609 854 672 vietus
876 608 1087 673 sustinebant.

359 713 484 792 Estum,
507 713 619 799 frigus,
643 713 767 797 pluvias
790 735 923 798 magnas
945 713 1129 790 tolerantes,

360 817 577 904 Tempestates
600 817 770 903 grandines
792 819 955 903 nubesque
976 821 1140 894 rorantes;

358 921 499 989 Ventum
522 945 594 988 oum
617 923 768 988 tonitruis
790 922 1054 1006 coruscationum,

284 1047 335 1085 πᾶν)
363 1028 499 1109 Montes,
522 1029 629 1106 silvas,
651 1027 751 1106 devia,
763 1029 950 1113 timoreque
973 1029 1133 1095 latronum

360 1135 474 1200 Estum
496 1134 556 1214 die,
579 1136 671 1198 nocte
693 1133 797 1219 frigus
820 1155 1036 1219 magnumque
1057 1139 1133 1200 sunt
1155 1135 1250 1219 passi,

359 1239 407 1304 Dc
429 1239 538 1304 labore
560 1240 659 1304 nimio
682 1261 756 1322 sepe
777 1238 855 1304 facti
877 1239 962 1308 lassi.

359 1344 496 1408 Domum
520 1345 569 1408 vel
593 1344 768 1428 hospitium
790 1366 947 1429 nusquam
969 1344 1168 1425 invenerunt,

360 1448 565 1534 Singulisque
587 1449 734 1512 noctibus
756 1447 816 1512 sub
839 1447 913 1514 divo
935 1449 1110 1515 iacuerunt.

282 1571 334 1610 nro
360 1553 413 1618 Sic
435 1577 490 1638 per
512 1555 578 1620 dics
601 1554 814 1639 quadraginta
836 1555 939 1620 eundo
961 1555 1148 1620 laborabant

360 1661 465 1744 Atque
486 1659 571 1724 mala
593 1658 732 1742 plurima
752 1680 828 1742 sepe
849 1658 1040 1726 tolerabant.

347 1975 451 2062 Quod
479 1973 662 2052 venerunt
690 1979 737 2052 ad
765 1981 980 2074 speluncam
1008 1979 1208 2052 latronum.

359 2187 419 2253 Sed
443 2186 597 2252 comiter
619 2189 751 2269 agerent
772 2192 927 2250 venerunt
948 2185 988 2250 ad
1010 2207 1176 2251 cavernam

359 2292 573 2358 Plurimorurn
596 2291 767 2355 draconum
789 2294 904 2355 tetram
927 2297 959 2355 et
981 2313 1139 2356 avernam.

360 2397 408 2462 De
431 2397 582 2482 spelunca
606 2397 755 2460 dracones
779 2397 1031 2481 egrediebantur,

282 2523 334 2561 nn
360 2503 507 2567 Horridis
530 2502 714 2586 corporibus
737 2503 820 2566 nude
840 2501 1042 2566 terrebantur

360 2607 466 2672 Nimis
490 2629 607 2684 omnes,
631 2611 726 2691 atque
749 2608 845 2672 timor
867 2607 926 2672 hos
948 2609 1105 2674 maximus
1128 2609 1294 2674 concussit.

360 2713 418 2779 Sed
442 2735 481 2778 ex
503 2713 614 2777 matris
636 2735 691 2777 sue
713 2735 791 2796 puer
814 2711 952 2777 brachiis
975 2701 1122 2791 excussit,

360 2819 537 2902 Coramque
559 2818 746 2882 draconibus
768 2818 900 2902 pedibus
923 2819 1034 2883 erectis

360 2923 467 3004 Stetit,
491 2925 555 2988 suia
577 2928 688 2988 contra
710 2923 792 2988 feras
815 2924 956 2988 moribus
979 2924 1110 2990 obiectis

283 3051 334 3088 nso
360 3029 420 3094 Sed
443 3030 593 3094 dracones
615 3033 788 3094 creatorem
809 3051 901 3093 sunm
923 3035 1147 3114 cognoscentes

360 3133 547 3199 Adorabant
568 3157 701 3218 puerum
723 3135 832 3199 statim
854 3136 1041 3201 recedentes.

440 3450 493 3524 De
521 3449 607 3522 feris
635 3471 707 3542 que
735 3459 976 3522 occurrerunt
1002 3447 1106 3522 Jesu.

362 3643 595 3724 concurrerunt
617 3659 656 3724 ad
679 3657 789 3726 Jesum
814 3659 937 3742 onagri,
961 3660 1074 3738 leones,

362 3764 447 3843 Ursi,
470 3764 572 3849 pardi,
596 3764 748 3850 tygrides,
771 3767 1089 3849 maurycomoriones,

361 3867 547 3948 Unicornes,
571 3870 675 3948 lamie,
699 3871 807 3948 linces,
831 3867 993 3947 elefantes,

284 3993 336 4031 21⁸⁵
363 3973 585 4054 Onocentauri,
608 3975 708 4052 simie,
733 3976 841 4058 vulpes
863 3979 897 4038 et
918 3976 1077 4055 durantes,
1135 4031 1140 4040 .

361 4080 482 4164 Hyene,
505 4081 582 4165 lupi,
604 4081 722 4166 migale
744 4081 864 4164 pilosus
885 4086 918 4146 et
941 4081 1103 4166 panthere.

362 4185 441 4250 Tam
465 4187 583 4251 heremi
606 4208 702 4270 quam
725 4189 861 4252 nemoris
884 4187 1028 4252 universe
1050 4187 1124 4266 fere,

768 4311 786 4350 a

276 4409 345 4466 2183
366 4408 632 4466 Mauricomorioues.
669 4411 780 4468 orosa:
810 4411 860 4465 nin
874 4371 1074 4483 idwenartiges
1092 4411 1167 4466 thiar
1184 4411 1223 4465 im
1242 4410 1350 4466 Orient.
