3014 4926
762 349 824 414 110

373 519 500 607 Optime
523 522 704 608 dispositus,
727 523 841 608 plenus
863 527 960 608 atque
982 527 1097 603 rectus,

634 761 688 835 De
715 783 807 834 naso
834 761 937 834 Jesu.

293 963 345 1002 sus
372 943 478 1010 Nasus
501 947 569 1010 eret
590 944 690 1028 ipsius
713 943 894 1028 nulliusque
916 941 1075 1021 defeetus3

371 1048 483 1134 Neque
505 1049 568 1114 fuit
590 1049 704 1128 tennis,
727 1069 828 1133 neque
850 1052 1024 1124 tortuosae,

372 1151 440 1219 Neo
462 1174 601 1240 grossus,
625 1157 734 1218 tenens
756 1155 904 1232 medium,
928 1153 1040 1218 deoens
1062 1158 1095 1219 et
1116 1152 1285 1220 formosus.

373 1258 441 1324 Neo
462 1259 578 1344 longus
601 1263 670 1324 eret
692 1259 834 1338 nimium,
858 1281 915 1324 nee
936 1257 1051 1337 brevis,
1075 1280 1176 1343 neque
1198 1259 1307 1338 simus

368 1362 433 1454 ¹Sed
456 1363 495 1428 sd
517 1363 647 1428 modum
669 1361 810 1427 debitum
834 1383 946 1446 parum
968 1361 1137 1446 aquilinus.

294 1487 346 1526 ⁸1⁸⁰
372 1467 446 1533 Sine
468 1467 544 1550 pilis
566 1471 661 1551 etque
685 1466 799 1530 munde
821 1465 951 1530 fuerunt
974 1487 1030 1530 sue
1051 1487 1153 1545 neres,

375 1571 565 1638 Omnimodo
586 1572 764 1638 consimiles
786 1570 909 1636 habiles
932 1575 964 1636 et
986 1593 1088 1655 peres.

504 1811 559 1884 De
585 1812 689 1904 genis
715 1813 756 1882 et
783 1809 944 1883 maxillis
972 1809 1074 1883 Jesu.

376 1991 462 2057 Gens
484 2012 609 2076 quoque
631 1991 792 2074 splendide
814 1990 945 2056 fuerunt
967 1995 999 2055 et
1021 1992 1158 2071 mouille,

370 2095 451 2160 Mire
473 2095 718 2180 pulchritudinis
741 2117 816 2160 nsm
838 2095 968 2160 fuerunt
990 2096 1054 2160 ille.

372 2200 510 2266 Candide
532 2201 586 2266 sed
609 2223 699 2266 roseo
721 2223 889 2285 consperso
910 2223 982 2266 eum
1003 2201 1117 2281 colore,

294 2327 345 2364 eres
372 2305 552 2372 Obduotum
575 2307 683 2370 elbum
706 2307 802 2371 rubeo
825 2305 979 2372 vernabat
1000 2329 1072 2372 oum
1094 2307 1214 2385 decore,

372 2408 461 2474 Siout
482 2411 602 2475 melum
626 2411 775 2494 punicum
798 2416 829 2476 et
852 2412 935 2476 sieut
957 2411 1072 2477 florens
1095 2433 1178 2490 ross,

374 2513 426 2580 Sic
447 2537 601 2602 generum
623 2515 741 2600 speeies
763 2513 827 2579 fuit
849 2517 998 2600 speciosa.

371 2621 473 2684 Buooe
494 2643 549 2685 sue
572 2643 635 2686 uon
657 2620 788 2686 fuerunt
810 2644 941 2688 oernose
963 2643 1019 2688 nee
1040 2627 1207 2700 tumentes,
1229 2665 1232 2673 ι

372 2722 439 2789 Neo
460 2725 588 2790 msxille
611 2729 730 2804 tenues,
752 2727 806 2790 sed
828 2727 908 2792 bene
930 2728 1143 2792 eondeoentee.

630 2960 683 3032 De
712 2961 819 3033 labiis
846 2963 949 3036 Jesu.

295 3162 347 3199 ³1⁰⁰
373 3142 471 3208 Labie
494 3142 644 3208 dulcifluo
665 3143 824 3208 modicum
846 3145 1021 3224 tumebant,

373 3245 441 3312 Nee
463 3252 555 3311 erent
579 3248 687 3312 tenuia
710 3244 762 3311 sed
786 3245 920 3313 dulciter
942 3247 1107 3316 rubebant.

247 3418 250 3424 Δ
372 3351 447 3422 Non
470 3353 599 3417 fuerunt
621 3353 720 3418 livida
741 3353 795 3418 sed
817 3358 908 3418 erent
929 3353 988 3420 heo
1008 3353 1153 3436 ioounelu¹

372 3456 439 3523 Nee
461 3457 591 3522 fuerunt
612 3457 744 3537 lubrica,
766 3457 820 3522 sed
843 3462 934 3522 erent
955 3459 1034 3524 bene
1055 3460 1183 3526 munds.

377 3563 501 3628 Diffusa
524 3563 586 3629 luit
607 3564 714 3649 grstia
736 3561 794 3628 sub
817 3563 882 3628 illis
904 3568 946 3643 et,
970 3565 1118 3649 loquente

295 3689 346 3726 ³1⁰⁶
373 3668 461 3746 Jesu,
485 3691 566 3755 pura
587 3666 815 3753 permanebant
837 3666 970 3734 humore
993 3691 1057 3734 non
1080 3669 1211 3734 ledente.

597 3906 651 3978 De
679 3905 852 3979 dentibus
878 3905 982 3978 Jesu.

373 4089 451 4156 Eius
474 4093 506 4154 et
530 4088 684 4154 albissimi
707 4087 839 4154 fuerunt
861 4109 986 4174 quoque
1008 4087 1126 4167 denter,

373 4193 471 4260 Velut
492 4196 570 4260 ebur
593 4195 763 4260 candidum
785 4197 817 4260 et
838 4195 921 4260 siout
942 4193 997 4258 nix
1020 4193 1166 4260 intentes.

373 4300 416 4364 Et
439 4321 500 4363 non
526 4299 716 4385 inequaliter
738 4297 779 4364 eb
802 4299 935 4364 invicem
958 4299 1130 4377 distabant,

372 4401 434 4470 Sed
454 4401 534 4468 bene
555 4405 655 4468 iuncti
679 4404 821 4468 debitum
845 4405 972 4468 modum
995 4404 1217 4470 observabant.
