3060 4936
778 354 841 421 194

233 531 357 598 litteras
382 531 595 598 fraternitatis
618 554 690 596 cnm
723 531 843 596 ordinis
871 529 978 616 sigillo
1007 551 1154 615 appenso.
1190 532 1384 614 quapropter

234 637 390 723 singulari
413 638 528 703 affectu
550 635 705 702 fratribus
728 637 831 702 nostri
846 637 965 702 ordinis
988 636 1149 726 inclinatae
1164 639 1250 714 sunt,
1275 638 1308 700 et
1328 655 1383 718 pro

234 743 318 808 bono
341 747 429 809 statu
443 743 546 808 nostri
562 743 681 808 ordinis
697 743 799 808 Deum
815 742 1030 827 interpellant.
1054 763 1152 826 quare
1174 740 1273 805 etiam
1289 739 1385 804 latius

236 847 356 934 placuit
377 847 459 914 mihi
481 848 519 913 de
543 848 587 914 eis
610 847 746 912 scribere
759 845 779 912 ¹.

132 1145 235 1233 affl,
681 1187 686 1198 .
747 1145 813 1216 Gap.
834 1149 874 1202 ll.

139 1237 173 1270 rr.
184 1239 224 1271 108.

132 1281 296 1353 Ul¹¹¹'¹⁰⁸'De
329 1287 498 1356 Blanio
530 1291 728 1356 flumine
761 1295 804 1356 et
837 1289 937 1354 eius
971 1287 1178 1374 origine,
1208 1286 1388 1352 deloco

238 1391 1388 1481 Blanbdrensidequemonasteriiinstitutione,

460 1503 503 1566 et
535 1500 649 1566 aliis
683 1499 1163 1605 condependentibns.

325 1689 390 1756 Sub
413 1687 550 1755 Wilerio
572 1712 637 1755 non
660 1691 755 1775 longe
777 1691 921 1776 gyrando
951 1690 991 1754 ad
1022 1694 1161 1755 montem
1196 1688 1324 1754 venitur
1355 1689 1390 1753 in

239 1795 385 1860 strictum
408 1793 561 1881 angulum
583 1796 750 1875 montium,
773 1796 830 1862 ubi
851 1803 975 1864 montes
997 1782 1190 1863 conveniant
1206 1795 1392 1881 iaciuntque

239 1901 411 1966 rotundum
434 1902 588 1986 angulum
610 1925 647 1967 ex
671 1925 734 1988 qno
757 1925 820 1968 non
844 1908 892 1969 est
914 1925 1110 1990 progressus,
1133 1903 1195 1967 nisi
1211 1901 1284 1987 quis
1307 1903 1392 1966 altos

239 2008 397 2072 montium
421 2007 518 2072 clivos
540 2009 689 2075 scandere
712 2009 799 2090 velit,
823 2013 879 2074 aut
901 2030 957 2094 per
979 2009 1108 2088 vallem,
1142 2031 1198 2093 per
1220 2029 1318 2093 quam
1339 2007 1392 2070 in-

240 2133 377 2198 gressus,
400 2118 448 2178 est
469 2114 602 2198 regredi.
648 2111 686 2178 In
709 2113 794 2180 hunc
816 2115 970 2201 angulum
999 2115 1138 2180 decurrit
1161 2113 1278 2179 fluvius
1301 2113 1394 2178 Aeha

241 2217 332 2304 qnasi
347 2241 448 2303 usque
470 2217 504 2282 in
520 2217 694 2284 vomitem’
720 2219 835 2301 Blanii,
858 2221 970 2305 quiin
992 2219 1059 2285 eius
1082 2224 1224 2284 extremo
1245 2219 1280 2283 in
1306 2217 1394 2283 radi·

124 2357 125 2366 ¹
240 2324 329 2389 cibus
352 2323 559 2389 rotunditatis
588 2326 744 2390 montium
773 2329 806 2390 et
832 2324 944 2411 anguli
973 2348 990 2390 e
1022 2329 1108 2389 terra
1136 2325 1293 2408 erumpit,
1324 2329 1393 2388 tam

240 2429 380 2494 mirabili
402 2433 435 2494 et
456 2429 563 2494 subita
585 2431 800 2510 emanatione,
824 2435 860 2496 nt
883 2452 975 2496 nemo
997 2429 1166 2514 inspiciens
1188 2451 1253 2494 non
1277 2427 1390 2494 obstu-

240 2538 357 2618 pescat.
392 2556 467 2599 nam
490 2557 529 2599 ex
550 2535 642 2600 fovea
674 2535 874 2601 abditissima
895 2535 983 2601 saxei
1011 2534 1117 2600 calicis
1145 2538 1177 2600 et
1198 2533 1302 2618 petrei
1324 2533 1394 2598 sine

241 2639 341 2703 fundo
364 2638 492 2705 conchae
514 2645 606 2706 tanta
627 2663 783 2726 aquarum
806 2641 944 2726 erumpit
967 2641 1180 2720 abundantia,
1214 2645 1251 2704 nt
1285 2639 1394 2724 abyssi

242 2748 334 2828 putes
357 2745 472 2830 aperiri
487 2745 601 2812 fontes.
648 2746 798 2812 Exundat
820 2747 905 2812 enim
928 2769 1025 2832 supra
1040 2747 1147 2812 calicis
1163 2745 1393 2811 circumferen-

242 2850 321 2914 tiam
345 2855 377 2915 et
398 2851 576 2936 impetuosa
606 2851 757 2917 effusione
788 2856 917 2936 repente
948 2851 1068 2916 defluit.
1107 2855 1139 2916 et
1168 2873 1241 2916 oum
1272 2851 1395 2916 concha

242 2956 491 3040 profundissima
513 2957 556 3022 sit
578 2961 610 3021 et
631 2979 714 3042 aqna
736 2956 921 3036 clarissima,
946 2957 1016 3022 ooeli
1040 2956 1269 3041 superlucentis
1285 2955 1394 3021 induit

243 3060 390 3138 colorem,
415 3083 434 3124 a
456 3083 519 3145 qno
535 3062 639 3126 colore
662 3083 754 3126 sunm
778 3063 912 3127 sortitur
928 3064 1060 3148 vulgare
1082 3084 1198 3127 nomen
1221 3065 1254 3126 et
1275 3061 1396 3126 dicitur

244 3165 344 3231 Blaw.
390 3164 497 3231 Primo
533 3168 617 3231 enim
640 3171 763 3233 eructat
793 3173 879 3234 terra
901 3191 939 3232 ex
970 3191 1027 3234 suo
1051 3168 1191 3254 abyssali
1221 3168 1315 3233 corde
1339 3189 1396 3252 per

243 3270 467 3356 investigabile
490 3293 524 3336 os
547 3295 639 3336 sunm
662 3295 776 3357 aquas,
810 3295 880 3357 quae
903 3275 936 3337 in
960 3273 1081 3338 orificio
1104 3273 1243 3338 colleotae
1267 3295 1396 3338 amnem

244 3378 417 3440 rotundum
440 3381 471 3441 et
500 3377 786 3460 profundissimum
814 3378 937 3443 faciunt
961 3384 1090 3463 aspectu
1120 3378 1341 3444 delectabilem
1364 3384 1397 3444 ot

245 3482 432 3547 mirabilem.
479 3482 600 3548 Deinde
623 3507 722 3568 aquas
739 3507 776 3549 ex
800 3485 920 3549 orificio
936 3485 1053 3550 evomit
1076 3507 1114 3548 ex
1136 3483 1257 3548 concha
1273 3485 1394 3570 pellens

244 3585 291 3650 ita
325 3593 361 3650 nt
384 3594 650 3672 supercrescentes
682 3590 789 3654 calicis
820 3589 954 3655 limbum
982 3591 1158 3674 impetuose
1190 3589 1396 3655 effundantur

147 3689 232 3770 ,fila
243 3691 276 3754 in
300 3693 455 3772 lacunam,
479 3699 511 3760 et
533 3695 622 3760 alveo
645 3696 815 3780 receptael,
840 3696 954 3761 fluvius
980 3717 1047 3760 esse
1069 3695 1192 3780 incipit,
1224 3695 1279 3779 qni
1303 3695 1394 3780 quasi

246 3805 369 3862 torrens
401 3821 517 3864 sonans
547 3801 799 3866 molendinarum
828 3823 901 3866 mox
924 3805 1010 3865 rotas
1039 3799 1173 3880 evolvit,
1207 3800 1261 3865 sed
1284 3805 1395 3885 postea

246 3903 354 3967 mitior
377 3903 498 3984 factus,
527 3927 583 3989 per
606 3927 682 3971 arva
715 3907 905 3992 voluptuosa
939 3907 1064 3992 quietus
1096 3911 1128 3971 et
1157 3905 1253 3970 silens
1285 3907 1396 3991 serpit,

246 4007 398 4093 feraxque
428 4015 476 4074 est
508 4013 701 4095 optimorum
731 4014 882 4098 piscium,
918 4017 1093 4090 trntarum,
1127 4009 1336 4076 fundulornm
1367 4016 1398 4075 et

234 4113 393 4193 aliorum,
416 4117 591 4200 producens
614 4118 763 4183 infundo
788 4139 845 4183 suo
868 4117 999 4182 herbam
1016 4117 1093 4181 adeo
1116 4115 1226 4180 bestiis
1242 4117 1397 4200 sapidam,

248 4223 284 4283 ut
306 4220 345 4284 ad
368 4221 486 4285 collum
502 4243 601 4306 usque
623 4221 846 4345 ingrediantgr
868 4227 900 4287 et
915 4223 1064 4288 demersis
1088 4221 1128 4286 ad
1150 4219 1241 4285 illam
1264 4241 1398 4306 carpen-

249 4466 285 4526 so
319 4383 435 4525 hNach
453 4384 573 4442 scribere
591 4386 643 4442 hat
661 4387 734 4443 Mon.
757 4391 778 4442 l.
797 4390 850 4443 etc.
927 4383 1328 4443 aromitemssr.wib1.nh.
1382 4387 1399 4440 3

303 4489 320 4524 a
344 4489 366 4527 e.
