3080 4938
801 349 843 412 46

248 545 364 587 arcana
388 521 490 587 cardis
514 523 579 615 sui,
604 527 636 587 et
659 523 734 588 dum
757 523 820 587 iam
853 523 1013 588 occidendi
1036 527 1129 602 sunt,
1158 525 1335 589 educuntur
1363 525 1401 589 de

247 628 398 694 custodiis
420 628 516 692 arctis
537 629 546 663 ¹
578 629 611 692 in
634 628 855 694 habitaculum
881 629 965 693 turri
988 649 1166 709 annexum,
1201 629 1256 693 ubi
1277 635 1325 694 est
1346 630 1397 695 de-

246 734 332 817 picta
355 738 386 798 et
408 735 512 799 lucida
535 757 677 814 camera,
702 735 735 798 in
748 759 822 820 ,qua
845 733 993 820 squalore
1016 736 1150 799 carceris
1173 735 1284 800 lassati
1305 737 1422 802 ·refo·'

246 843 375 918 ventur,
406 843 438 903 et
461 840 619 924 religiosis
643 839 918 906 exhortationibus
942 841 981 906 ad
1004 841 1193 925 patientiam
1216 841 1400 906 animantur
1423 913 1427 922 Ι

246 948 278 1008 et
300 949 497 1009 sacramenta
520 946 565 1009 eis
588 946 831 1025 ministrantur,
863 950 895 1010 et
923 946 971 1010 ita
1001 947 1040 1010 ad
1070 957 1204 1011 mortem
1227 947 1397 1014 ducuntur.
1529 1015 1531 1032 1

246 1050 324 1114 Haec
348 1049 506 1114 habitatio
530 1074 549 1116 a
571 1049 788 1116 fundamentis
803 1053 969 1138 consurgit
993 1051 1031 1116 de
1048 1051 1143 1116 horto
1158 1051 1295 1115 fratrum
1312 1049 1398 1116 Prae-
1528 1075 1531 1152 q

246 1155 432 1232 dicatorum,
457 1155 540 1220 unde
563 1157 607 1219 rei
631 1177 687 1240 per
702 1156 873 1221 fenestram
890 1157 922 1220 in
939 1179 1049 1222 eorum
1065 1157 1195 1221 hortum
1211 1157 1396 1241 respiciunt,

245 1265 277 1324 et
300 1260 441 1326 videntes
464 1259 588 1345 aliquos
621 1261 738 1326 fratres
766 1285 879 1326 manus
909 1264 1085 1328 extendunt
1116 1285 1172 1346 per
1204 1266 1396 1346 aperturam,

245 1365 460 1449 supplicantes
483 1371 519 1430 ut
543 1366 645 1431 Deum
660 1368 779 1451 prosis
795 1368 1002 1432 intercedant.
1049 1367 1114 1434 Sub
1131 1388 1255 1432 camera
1270 1389 1396 1432 reorum

245 1469 365 1535 habent
388 1471 503 1535 fratres
526 1470 674 1536 cellulam
695 1472 729 1536 in
758 1493 821 1556 qua
844 1471 1042 1536 distillautur
1071 1493 1161 1556 aquae
1184 1472 1394 1536 medicinales.

247 1573 332 1640 Ante
354 1575 469 1640 turrim
493 1577 533 1640 ab
555 1577 641 1640 intra
664 1581 712 1640 est
735 1575 820 1640 aliud
845 1574 1069 1640 laborarium²
1097 1577 1253 1654 civitatis,
1277 1577 1311 1640 in
1335 1597 1397 1660 quo

246 1703 296 1744 res
325 1682 460 1765 publicae
493 1682 632 1748 civitatis
663 1681 876 1746 tractanturl.
931 1681 984 1747 Ab
1013 1683 1070 1747 illa
1104 1685 1192 1746 turre
1223 1681 1397 1746 reflectitur

248 1808 356 1850 murus
379 1787 516 1852 civitatis
540 1811 558 1852 a
581 1789 710 1853 meridie
732 1792 842 1852 contra
857 1789 1022 1868 orientem,
1047 1792 1079 1854 et
1094 1788 1207 1872 incipit
1223 1787 1269 1851 ibi
1283 1785 1395 1851 Danu·

248 1892 318 1956 bius
342 1915 361 1956 a
383 1893 512 1958 civitate
535 1894 656 1979 fugere,
680 1895 750 1958 ideo
766 1895 850 1958 inter
866 1895 1026 1959 civitatem
1044 1898 1076 1959 et
1091 1915 1206 1978 aquam
1230 1897 1279 1957 est
1295 1891 1395 1956 fossa-

250 2001 319 2061 tum
342 1998 444 2062 latum
467 2021 550 2083 aqua
573 1999 710 2083 plenum,
735 2021 832 2083 supra
854 1999 937 2083 quod
960 2000 993 2062 in
1015 1999 1173 2064 moenibus
1189 1997 1330 2061 civitatis
1350 1999 1395 2059 est

248 2109 420 2168 conventus
443 2103 579 2170 fratrum
603 2105 866 2182 Praedicatornm,
891 2105 1006 2190 quibus
1029 2104 1145 2189 longus
1168 2101 1252 2166 muri
1275 2105 1394 2165 tractus

247 2211 431 2274 commissus
454 2215 511 2290 est,
535 2211 716 2296 habentque
739 2212 780 2274 42
805 2207 946 2294 [passus]
972 2206 1119 2275 meanis⁴
1143 2229 1162 2272 a
1184 2210 1273 2270 turre
1298 2205 1395 2269 male·

248 2314 405 2380 factorum
428 2337 528 2400 usque
548 2317 587 2380 ad
609 2317 767 2400 hospitale
789 2321 821 2380 et
844 2314 962 2398 triplici
991 2335 1083 2378 muro
1110 2315 1158 2378 est
1189 2313 1222 2375 in
1245 2311 1315 2376 loco
1338 2310 1392 2374 illo

166 2411 238 2492 llll„
248 2419 359 2484 civitas
382 2420 516 2486 munita.
562 2421 687 2486 Primus
710 2425 758 2485 est
774 2419 968 2504 principalis,
993 2418 1044 2483 cui
1058 2418 1205 2482 imminet
1220 2419 1392 2482 conventus

248 2523 505 2590 Praedicatorum.
547 2526 700 2590 secundus
730 2529 777 2590 est
799 2525 876 2589 valli
899 2525 982 2589 inter
1005 2545 1098 2608 quem
1131 2527 1164 2587 et
1187 2521 1393 2606 principalem

245 2652 372 2694 murum
395 2634 444 2695 est
465 2631 629 2710 transitus,
653 2636 685 2696 et
708 2636 756 2695 est
779 2652 887 2694 murus
910 2629 964 2694 ille
986 2630 1105 2713 spissus
1128 2633 1160 2693 et
1182 2627 1342 2694 moenibus
1359 2647 1393 2690 ac

244 2735 410 2800 fortalitiis
427 2737 568 2801 munitus
585 2742 616 2801 et
633 2741 763 2801 ornatus
779 2759 836 2820 per
851 2740 956 2800 totum
973 2757 1088 2820 gyrum
1105 2734 1254 2814 civitatis,
1280 2735 1391 2799 tertius

243 2863 352 2904 murus
375 2845 424 2906 est
446 2841 529 2906 inter
552 2843 705 2906 fossatum
730 2845 762 2906 et
785 2841 979 2920 Danubium,
1002 2841 1035 2904 in
1059 2840 1162 2905 medio
1179 2845 1284 2905 autem
1301 2861 1391 2904 muro

243 2951 292 3010 est
320 2969 420 3012 unum
450 2949 723 3032 propugnaculum
754 2947 838 3012 inter
861 2946 1109 3011 Pradicatorum
1140 2950 1333 3010 conventum
1361 2949 1392 3010 et

242 3052 409 3135 hospitale,
435 3053 518 3137 quod
542 3054 637 3117 etiam
662 3053 807 3117 imminet
829 3050 998 3137 principali
1014 3071 1106 3115 muro
1122 3051 1204 3114 siout
1219 3055 1391 3114 conventus

243 3156 506 3237 Praedicatorum,
534 3181 590 3224 nec
614 3163 662 3223 est
685 3181 740 3243 per
763 3163 867 3223 toturn
891 3159 974 3222 muri
997 3178 1112 3242 gyrum
1142 3154 1251 3239 aliqua
1282 3156 1392 3220 domus

242 3263 411 3328 imminens
435 3286 524 3329 muro
548 3265 725 3348 principali,
749 3265 811 3329 nisi
834 3264 945 3328 domus
961 3262 1211 3327 Praedicatorum
1235 3266 1267 3325 et
1282 3261 1391 3344 hospi·

243 3369 438 3434 talariorum.
485 3369 521 3434 In
545 3393 636 3434 muro
653 3373 769 3449 autem,
789 3370 840 3435 cui
860 3367 1018 3452 hospitale
1035 3367 1165 3442 adiacet,
1189 3370 1238 3430 est
1253 3387 1311 3430 arx
1326 3365 1391 3429 alta

243 3477 275 3538 et
297 3473 389 3538 firma
412 3495 484 3538 cum
508 3476 766 3562 propugnaculis,
791 3498 809 3539 a
832 3475 947 3559 quibus
963 3477 1191 3558 consequenter
1206 3475 1391 3537 recurvatur

242 3602 351 3643 murus
374 3580 476 3664 magis
505 3581 539 3644 in
563 3581 716 3645 orientem
748 3603 847 3666 usque
875 3580 915 3644 ad
946 3583 1073 3664 portam
1096 3579 1277 3656 Ancarum,
1308 3577 1391 3640 inter

242 3705 337 3766 quam
360 3688 392 3748 et
414 3685 572 3769 hospitale
603 3688 705 3752 estin
731 3709 822 3751 muro
852 3685 1054 3751 fortalitium.
1102 3685 1130 3749 A
1160 3687 1255 3767 porta
1285 3686 1391 3746 autem

809 3818 823 3848 ἡ

312 3903 325 3955 l
346 3901 380 3957 de
399 3901 531 3958 custodiis
551 3903 622 3956 arcis
640 3903 721 3960 Gold.
741 3907 782 3960 ut.
822 3904 857 3959 de
875 3901 1007 3958 custodiis
1033 3901 1103 3957 artis
1122 3901 1184 3956 Sch.
1203 3901 1248 3956 Kl.
1273 3901 1345 3956 Mon.
1366 3901 1390 3954 1.

242 3987 282 4043 De
299 3991 427 4046 custodia
445 3991 474 4045 in
494 3991 689 4046 habitaculum
710 3993 809 4056 Wibl.,
829 3993 899 4047 artis
917 3991 991 4046 fehlt
1009 3990 1053 4045 bei
1072 3989 1241 4045 demselbeu.
1278 3989 1294 4042 2
1313 3989 1389 4043 labe·

241 4075 314 4130 rium
333 4077 405 4133 Mon.
428 4081 450 4134 l.
488 4079 627 4134 laberium
647 4079 708 4136 Soh.
761 4083 884 4150 drespu
898 4078 1023 4134 civitatis
1041 4077 1270 4134 tractaturldon.
1287 4080 1308 4132 l.
1348 4093 1390 4132 res

240 4165 353 4234 publica
371 4165 497 4220 civitatis
516 4167 574 4220 Seh.
613 4184 655 4222 res
674 4167 730 4238 pub
749 4168 872 4223 civitatis
892 4167 934 4221 Kl.
972 4165 1130 4236 respublica
1154 4165 1279 4222 civitatis
1305 4165 1389 4220 Wibl.

242 4255 383 4306 tractatur
401 4252 460 4305 Sch.
480 4251 523 4305 Kl.
547 4253 632 4307 Wibl.
720 4257 737 4309 4
763 4253 797 4308 42
823 4254 917 4310 menia
944 4253 1018 4310 Mon.
1039 4255 1061 4309 1.
1113 4253 1307 4323 quadraginta
1335 4253 1389 4308 duo

241 4339 351 4395 moenia
370 4338 431 4392 Selr.
451 4339 494 4394 Kl.
510 4341 594 4394 Wibl.
634 4342 736 4396 XLllll
749 4341 861 4399 moenia
878 4341 958 4398 Gold.
978 4343 1017 4396 ut.
1054 4341 1137 4396 Allen
1150 4339 1223 4396 fehlt
1235 4339 1286 4396 das
1300 4340 1388 4395 durch

240 4427 301 4482 eine
319 4428 461 4497 conjectnr
481 4445 535 4483 von
554 4428 608 4482 mir
626 4429 844 4498 eingeschobeue
862 4445 969 4500 passus.
