3034 4922
797 301 858 370 186

335 495 386 534 ssu
412 474 551 563 Spiritus
573 481 606 543 et
628 478 733 545 anime
753 502 822 546 mee
844 477 1065 565 redemptoris!

413 583 471 664 Va,
494 605 549 648 cur
570 607 676 652 meum
698 586 860 652 dominum
882 587 956 671 ipsii
977 584 1072 651 Judei

412 686 601 755 Occiderunt
623 713 732 757 verum
754 693 846 757 deum
868 691 1032 776 filiumque
1054 690 1126 756 dei?

412 793 461 859 Ve
481 793 571 875 milri,
595 817 651 862 cur
672 796 757 863 hunc
780 796 916 883 populus
939 797 1053 862 occidit
1074 796 1221 877 infidelis,

414 897 476 974 Qui
499 921 557 983 pro
579 899 681 966 salute
703 900 803 967 seculi
827 902 1027 968 descenderat
1042 901 1081 966 de
1095 900 1192 968 celis?

334 1021 386 1059 ⁶⁶³⁰
412 1001 496 1069 Nam
519 1007 588 1070 erat
614 1006 663 1071 dei
685 1006 779 1087 filins,
804 1008 879 1073 deus
902 1007 1094 1087 incarnatus,

413 1109 457 1174 Et
479 1131 517 1176 cx
540 1109 643 1178 Maria
665 1113 789 1199 virgine
811 1135 861 1180 me
883 1112 1001 1178 sciente
1022 1115 1133 1186 natus;

413 1215 491 1281 Esse
514 1217 663 1282 mundam
686 1217 844 1304 virginem
865 1240 955 1284 suam
978 1218 1042 1284 scio
1065 1221 1209 1298 matrem,

284 1375 288 1384 .
413 1319 547 1386 Nullum
569 1321 630 1386 nisi
653 1323 756 1390 solum
778 1324 872 1390 deum
893 1323 979 1390 hunc
1001 1321 1117 1388 habere
1139 1327 1272 1407 patrem.

414 1425 466 1490 Ad
488 1426 548 1492 hoc
571 1433 676 1494 autem
700 1434 838 1511 venerat,
862 1435 899 1496 ut
918 1417 1016 1496 Israel
1037 1428 1176 1494 salvaret

338 1547 388 1586 ⁵⁶³⁶
416 1531 523 1617 Atque
544 1555 680 1620 regnum
702 1535 805 1602 David
827 1537 912 1622 regis
934 1557 1060 1601 rursum
1082 1534 1259 1613 suscitaret,

411 1636 456 1702 Et
478 1637 610 1704 humani
632 1641 757 1726 generis
779 1640 904 1726 lapsum
926 1643 1096 1726 repararet,

413 1740 520 1829 Atque
542 1744 758 1830 peccatoribus
781 1751 909 1832 peccata
931 1745 1097 1812 relaxaret.

413 1847 498 1915 Nam
519 1849 676 1937 benignus
698 1851 879 1918 consolator
900 1855 969 1916 erat
991 1853 1199 1937 peccatorum,

415 1951 585 2020 Miserator
606 1954 775 2022 condolens
797 1955 861 2020 suit
882 1955 1088 2033 miserorum

336 2073 387 2112 ⁵⁶⁴0
414 2057 461 2123 Ac
482 2059 729 2126 misericordiam
752 2082 902 2146 magnam
924 2059 1005 2125 mihi
1026 2060 1111 2140 fecit,

413 2163 442 2227 A
465 2186 515 2230 me
536 2187 607 2232 cum
630 2165 776 2232 demonia
798 2169 918 2252 septem
940 2166 992 2232 hic
1014 2166 1114 2232 eiecit.

413 2269 474 2335 Per
496 2293 557 2356 que
579 2273 736 2356 peccatrix
759 2271 874 2338 misera
896 2271 1018 2337 fueram
1041 2270 1175 2338 obsessa

412 2374 457 2439 Et
479 2399 499 2442 o
519 2377 640 2442 cunctis
662 2381 863 2462 peccatorum
886 2377 972 2442 vitiis
994 2377 1150 2461 depressa.

412 2479 465 2545 Me
487 2481 583 2546 simul
605 2505 624 2547 a
647 2482 800 2548 demoniis
822 2487 859 2547 ut
880 2483 967 2548 vitiis
990 2481 1141 2568 purgarit
1259 2553 1264 2562 ,

334 2603 386 2642 ouo
415 2583 459 2650 Et
480 2586 519 2650 ad
542 2587 750 2670 penitentiam
772 2588 910 2674 benigne
930 2611 982 2653 me
1003 2587 1147 2666 vocavit3

414 2690 444 2756 A
465 2692 680 2758 misericordia
701 2693 782 2758 mihi
804 2692 969 2773 relaxavit,

414 2796 494 2863 Cum
516 2820 597 2883 pena
619 2795 744 2882 culpam
767 2799 882 2884 spiritu
905 2821 955 2865 me
976 2822 1034 2865 sua
1055 2799 1258 2881 confortavit,

414 2903 625 2970 Procumbens
648 2905 713 2972 suis
736 2904 868 2989 pedibus
890 2927 961 2970 cum
983 2927 1033 2969 me
1052 2905 1132 2970 flens
1154 2906 1295 2991 adjunxi,

413 3009 497 3088 Quos
520 3010 584 3076 lavi
606 3011 683 3076 meis
705 3009 844 3075 lacrimis
866 3014 899 3075 et
920 3009 1097 3076 confractos
1120 3010 1207 3076 unxi.

335 3135 387 3174 ⁶⁶⁶⁰
413 3115 488 3182 Non
511 3117 740 3202 dedignabatur
762 3139 782 3180 a
803 3139 854 3182 me
875 3115 966 3202 tangi
988 3116 1170 3200 peccatrice,

414 3221 475 3298 Qui
498 3227 591 3289 natus
615 3226 662 3287 est
683 3222 721 3287 de
743 3222 866 3308 virgine
889 3221 1006 3285 munda
1029 3219 1191 3305 genitrice.

414 3325 462 3393 Ve
481 3329 570 3408 mihi,
594 3327 664 3414 quis
687 3329 829 3393 decetero
851 3326 1018 3392 consilium
1042 3325 1183 3404 donabit,
1236 3359 1239 3366 ·

412 3434 492 3512 Quis
514 3435 593 3499 mihi
616 3434 680 3498 iam
702 3433 859 3498 miserime
881 3431 1029 3498 solatium
1052 3430 1232 3517 prestabit?

414 3537 489 3604 Fuit
511 3539 595 3604 enim
617 3537 697 3604 mihi
719 3539 790 3623 pius
813 3537 975 3622 dulcisque
997 3535 1186 3615 consolator,

336 3661 388 3700 ⁵⁶⁶⁶
414 3644 484 3710 Meo
506 3667 639 3729 sponsus
661 3644 765 3710 anime
786 3645 862 3708 deus
885 3646 918 3708 et
939 3648 1070 3708 creator.

414 3749 461 3815 Ve
483 3750 573 3831 mihi,
596 3772 680 3814 nunc
701 3747 902 3814 subtrahitur
923 3769 994 3812 cum
1017 3747 1116 3832 ipsius
1140 3747 1206 3812 vita

414 3855 492 3920 Eius
515 3855 688 3920 consolatio
711 3853 811 3919 dulcis
833 3857 865 3918 et
885 3851 1027 3919 mellita!

415 3958 451 4040 0,
476 3962 502 4025 si
526 3982 576 4025 me
598 3983 670 4024 cum
692 3981 729 4024 eo
751 3981 836 4024 mors
859 3959 967 4024 eadem
989 3961 1120 4038 teneret,

417 4067 462 4133 Ut
484 4089 542 4151 pro
564 4064 642 4131 Jesu
665 4087 812 4146 morerer,
835 4064 915 4129 mihi
937 4065 963 4129 si
986 4063 1112 4144 liceret3

337 4191 389 4229 creo
417 4171 454 4249 0,
478 4173 578 4237 dulcis
601 4193 690 4237 amor
712 4171 863 4252 cordium,
887 4169 1015 4235 emitis
1038 4173 1070 4234 et
1093 4169 1235 4249 amande,

415 4276 443 4342 0
466 4279 642 4342 animarum
665 4277 826 4363 gaudium,
850 4299 869 4340 ο
892 4275 1001 4340 dulcor
1023 4275 1222 4340 admirande!

416 4381 453 4468 Ο,
476 4406 580 4454 meum
603 4383 800 4468 desiderium,
823 4405 842 4450 o
864 4381 941 4450 Jesu
963 4381 1163 4466 nominande,
