3060 4936
794 339 855 408 192

250 517 326 603 quia
348 517 486 603 primum
509 519 716 585 reclusorium
739 522 864 588 ruinam
893 522 1093 601 minabatur,
1122 521 1217 606 petiit
1249 521 1402 604 pmdicta

250 621 436 688 Adelhaidis
460 645 647 709 germanum
662 647 755 691 sunm
778 627 833 712 qni
855 633 924 693 erat
938 627 1155 712 carpentarius
1177 629 1214 690 ut
1237 623 1325 689 aliud
1340 625 1401 690 sibi

246 727 418 794 fabricaret
433 731 609 815 tugurium.
655 732 745 798 Fecit
760 756 836 819 ergo
859 735 888 799 ei
904 733 1053 818 exiguam
1069 732 1293 796 domunculam
1309 731 1400 797 iuxta

247 833 420 913 ecclesiam,
444 835 476 900 iu
501 859 565 920 qua
586 837 682 902 homo
704 840 737 903 in
755 840 883 905 modum
906 839 1008 905 crucis
1031 843 1120 904 stans
1143 843 1280 922 utraque
1303 860 1399 903 manu

247 939 357 1004 ambos
373 941 528 1026 tangebat
542 943 681 1027 parietes
696 969 752 1030 per
767 949 933 1031 quadrum.
979 944 1017 1010 In
1034 943 1090 1009 illo
1101 945 1210 1028 itaque
1225 943 1399 1008 reclusorio

246 1045 356 1110 multis
379 1045 489 1130 deguit
512 1049 604 1114 annis
620 1049 779 1117 ferventer
800 1051 929 1117 domino
951 1051 1107 1128 serviens,
1129 1049 1322 1133 stupendum
1345 1072 1399 1114 ex·

247 1151 387 1236 emplum
419 1153 494 1218 ritoe
517 1157 664 1222 omnibus
696 1163 769 1242 post
799 1179 833 1222 se
862 1158 1053 1242 relinquens.
1099 1154 1176 1220 Post
1210 1154 1300 1218 illam
1336 1153 1400 1218 alia

245 1255 386 1323 Domino
402 1259 516 1324 devota
531 1261 633 1346 virgo,
657 1261 737 1328 Jata
751 1261 760 1299 ¹
780 1263 919 1341 nomine,
944 1263 1004 1327 boc
1019 1261 1227 1326 inclusorium
1243 1261 1399 1346 ingressa,

247 1363 367 1428 multos
389 1385 490 1430 annos
512 1367 545 1430 in
568 1365 629 1431 Dei
659 1368 791 1433 servitio
813 1369 937 1453 exegit,
971 1368 1078 1449 sicque
1109 1369 1183 1450 post
1213 1365 1303 1430 illam
1336 1365 1400 1430 alia

244 1469 349 1534 locum
373 1469 528 1554 possedit,
552 1471 678 1557 firitque
700 1473 846 1556 pluribus
870 1474 963 1537 aunis
985 1471 1144 1537 habitatio
1167 1459 1397 1535 solitariamm.

244 1574 328 1639 iuter
351 1598 431 1660 quas
447 1576 556 1641 multae
579 1581 698 1641 sanctae
720 1577 848 1642 feminae
864 1577 1004 1654 luerunt,
1028 1599 1101 1662 quae
1122 1575 1277 1640 mirandis
1299 1577 1398 1640 mira·

245 1680 325 1745 culis
348 1681 531 1746 claruerunt
555 1685 587 1746 et
610 1682 775 1748 saevissimi
793 1683 919 1748 inimici
941 1683 1134 1748 tentationes
1165 1682 1398 1746 sustinuerunt

244 1785 328 1850 unde
343 1785 467 1850 cuidam
490 1789 608 1851 sanotae
624 1790 767 1870 tempore
783 1787 878 1852 famis
894 1787 931 1852 de
955 1787 1035 1853 coelo
1050 1808 1107 1871 per
1123 1807 1252 1851 corvum
1269 1807 1400 1851 annona

243 1891 306 1955 fuit
328 1892 524 1956 transmissa.
555 1891 647 1956 alteri
671 1891 862 1957 videbantur
883 1893 1019 1956 molares
1051 1895 1084 1956 et
1105 1890 1240 1976 grandia
1262 1913 1341 1955 saxa
1364 1892 1398 1954 in

243 1997 372 2060 domum
388 1997 517 2062 irruere.
541 1997 605 2060 alia
620 1997 654 2060 in
669 2019 751 2081 pane
768 1997 886 2082 reperit
901 2019 1033 2074 sermea,
1058 2018 1189 2060 araneos
1205 1999 1238 2060 et
1260 2018 1399 2080 quaeque

242 2101 415 2167 immunda.
440 2101 523 2166 unde
538 2124 602 2166 una
625 2125 734 2167 earum
749 2107 816 2168 tam
838 2102 1038 2167 horribiliter
1052 2102 1194 2186 quotidie
1210 2101 1399 2180 vexabatur,

243 2207 326 2290 quod
350 2229 446 2290 supra
469 2206 552 2271 vires
574 2205 731 2270 humanae
754 2207 826 2271 fuit.
859 2209 996 2292 quadam
1019 2211 1127 2272 autem
1157 2211 1251 2271 nocte
1273 2212 1399 2272 terrore

242 2311 341 2376 nimio
357 2313 451 2386 victa,
474 2311 680 2377 reclusorium
696 2311 822 2397 effregit
844 2317 876 2378 et
896 2313 928 2376 in
945 2312 1163 2378 molendinum
1186 2312 1246 2376 sub
1263 2312 1397 2378 ecclesia

242 2416 418 2501 transfugit
440 2437 497 2481 nec
519 2438 661 2500 unquam
683 2416 724 2480 ad
746 2415 883 2482 reditum
905 2418 1010 2483 induci
1033 2417 1155 2502 potuit,
1186 2418 1261 2482 licet
1283 2423 1397 2484 sancta

244 2521 352 2600 fuerit,
376 2525 408 2586 et
431 2521 531 2584 vitam
553 2523 586 2584 iu
611 2520 794 2586 Blaubdreu
817 2522 937 2602 finivit,
960 2523 1079 2588 faciens
1102 2545 1136 2587 se
1158 2521 1251 2588 alteri
1274 2522 1396 2587 includi

242 2627 359 2692 domni.
390 2625 459 2691 baec
482 2625 618 2710 singulis
642 2626 751 2691 diebus
773 2626 859 2691 fudit
881 2649 988 2711 preces
1011 2626 1207 2714 singulares,
1236 2631 1396 2712 quatenus

242 2731 398 2796 Dominus
430 2731 534 2794 locum
558 2728 686 2795 Wilerii
719 2730 889 2796 emundare
917 2731 1104 2815 dignaretur
1134 2731 1175 2797 ab
1198 2731 1323 2796 inimici
1343 2732 1396 2797 in·

243 2834 404 2900 tolerabili
429 2835 522 2900 furia.
547 2838 581 2900 et
601 2835 788 2919 impetrasse
802 2835 943 2901 creditur
965 2835 1033 2901 loco
1056 2843 1089 2902 et
1103 2837 1248 2921 personis
1272 2860 1392 2921 pacem.

242 2961 315 3004 nam
339 2940 378 3005 de
399 2942 473 3025 post
488 2938 571 3003 nihil
593 2939 737 3003 auditum
760 2939 823 3003 fuit
837 2939 1013 3005 insolitum.
1050 2936 1145 3006 Deus
1168 2942 1253 3006 enim
1276 2942 1317 3006 ab
1333 2942 1395 3007 lroc

242 3047 384 3126 tempore
407 3043 535 3108 domum
550 3041 637 3107 illam
662 3043 849 3108 adaemonis
870 3048 1028 3128 potestate
1050 3047 1177 3130 eripuit,
1201 3046 1242 3110 sb
1257 3045 1395 3112 infamia

240 3155 272 3214 et
294 3149 451 3215 scandalis
475 3149 646 3214 custodivit
672 3153 747 3214 eta
777 3148 925 3234 periculis
948 3151 1156 3215 conservavit.
1201 3148 1289 3216 Nom
1320 3156 1395 3218 ante

240 3255 424 3338 praedictam
446 3253 622 3318 solitariam
645 3275 728 3336 saepe
749 3253 871 3337 scopuli
902 3258 935 3318 et
957 3277 1051 3339 rupes
1082 3277 1178 3340 snpra
1200 3257 1332 3323 domum
1355 3257 1393 3324 de

237 3361 356 3426 montis
379 3361 461 3425 clivo
476 3364 508 3425 et
522 3361 679 3424 irruentes
703 3359 741 3424 de
757 3359 823 3424 alto
838 3359 872 3423 in
887 3359 1016 3425 domum
1031 3359 1254 3445 impingebant
1267 3358 1290 3426 ⁹.
1315 3367 1392 3428 sunt

239 3467 323 3530 enim
349 3469 471 3530 montes
503 3464 549 3528 ibi
580 3464 613 3528 in
646 3463 775 3528 modum
805 3463 948 3530 dentium
982 3465 1157 3550 scopulosi,
1187 3470 1221 3529 et
1251 3466 1280 3530 si
1303 3467 1391 3552 rupis

142 3561 216 3640 12⁰⁶·
239 3572 378 3635 resoluta
397 3569 553 3647 ceciderit,
570 3569 698 3634 domum
713 3589 785 3632 cum
802 3569 931 3636 ecclesia
944 3573 1129 3634 contereret.
1153 3591 1211 3636 nec
1225 3591 1391 3637 murorum

240 3677 339 3741 ruinas
362 3678 400 3740 de
422 3679 526 3741 castro
550 3673 802 3760 Gintzelburg³,
834 3676 919 3760 quod
951 3697 1048 3760 supra
1077 3674 1206 3740 domum
1229 3674 1262 3738 iu
1288 3677 1391 3760 capite

239 3782 327 3866 rupis
351 3782 477 3858 eminet,
502 3781 702 3865 aliquatenus
724 3779 833 3845 domui
855 3779 904 3844 illi
919 3785 1104 3846 nocuerunt.
1152 3779 1246 3844 Anno
1270 3780 1390 3846 domini

240 3887 323 3950 1357
348 3891 416 3951 erat
439 3887 472 3951 in
495 3887 588 3951 domo
611 3885 667 3950 ills
691 3886 836 3969 quaedam
859 3885 951 3970 virgo
967 3885 1111 3951 solitaria
1133 3885 1172 3951 de
1194 3885 1389 3964 Blaubsrreu

240 3991 426 4057 Adelbaidis
442 3991 579 4068 nomine,
596 3989 783 4074 exemplaris
794 3995 826 4056 et
836 3991 992 4076 religiosae
1005 3993 1088 4070 vitan,
1105 3990 1391 4075 frequentabatur·

802 4138 818 4174 ss

309 4243 402 4298 lJita
421 4243 464 4298 111.
485 4241 605 4296 Schmid.
641 4242 809 4297 JtaWibl.²
843 4243 901 4296 Yta
921 4243 994 4298 Mon.
1016 4243 1039 4296 1.
1059 4241 1139 4298 Gold.
1159 4244 1198 4296 ut.
1239 4241 1309 4298 ruta
1328 4243 1389 4298 Scb.

237 4331 253 4383 2
281 4329 437 4400 impingere
462 4330 577 4392 werico,
602 4328 716 4395 stossen,
736 4329 838 4394 Pleni..
858 4329 984 4390 Phaedr,
1006 4329 1075 4384 Plin.
1180 4329 1389 4398 BGimelburg

238 4417 323 4472 Wibl.
343 4415 434 4472 Schm.
470 4417 495 4472 S.
510 4417 700 4488 ,Memminger
720 4433 772 4476 aa.
790 4417 975 4481 Blaubeuren.
996 4435 1016 4472 s,
1028 4420 1096 4474 Ι214.
