3034 4922
762 295 825 362 216

298 489 350 528 08⁸⁶
378 469 404 536 0
427 471 568 557 genitrix
591 471 776 549 castissima,
800 492 818 535 ο
841 469 933 555 virgo
952 470 1100 556 gloriosa,

374 577 461 642 Licet
482 598 587 640 meum
610 576 708 640 fuerit
730 596 844 659 corpus
868 576 1080 640 adtractatum

377 681 405 746 Α
429 680 570 758 diversis,
593 681 720 764 quando
743 679 805 744 fuit
827 684 929 745 morte
951 681 1202 748 condemnatum.

376 786 495 850 Tamen
517 807 642 850 sacrum
664 805 777 867 corpus
800 789 905 863 tuum,¹
925 784 1100 850 claustrum
1122 793 1232 872 partus
1256 791 1327 870 mei,

376 889 449 955 Non
473 891 587 974 patiar,
612 889 696 973 quod
719 890 889 973 quicquam
911 890 969 954 fiat
988 891 1168 958 indecenter
1190 893 1238 970 οἱς

298 1015 349 1054 ⁶⁸⁹0
378 994 439 1060 Sed
463 996 547 1079 quod
569 999 606 1059 tu
628 1015 737 1059 secura
759 994 812 1072 sis,
836 994 966 1080 indigne
989 1019 1029 1060 nc
1051 997 1206 1074 tracteris,

377 1101 455 1164 Tam
479 1121 609 1183 corpore
631 1121 726 1182 quam
751 1099 857 1164 anima
879 1099 912 1164 in
935 1099 1036 1166 celum
1058 1103 1257 1170 assumeris«

377 1205 437 1268 His
461 1204 553 1268 dictis
575 1202 763 1268 valefaciens
787 1205 881 1268 matri
904 1204 1083 1270 benedixit:

380 1309 449 1376 »Sit
472 1308 531 1376 tibi
555 1331 616 1395 pax
640 1313 672 1373 et
694 1307 857 1390 gaudium,
880 1331 899 1374 o
923 1308 975 1396 pia
994 1314 1133 1378 matari«
1159 1312 1249 1379 dixit.

430 1632 534 1717 Quod
562 1630 733 1703 dominus
760 1629 928 1703 ascendit
955 1631 993 1701 in
1025 1631 1157 1703 celum.

306 1865 318 1884 ·
379 1842 463 1906 Hinc
486 1837 632 1904 omnibus
656 1835 817 1919 discipulis
841 1837 987 1901 manibus
1011 1838 1121 1909 levatis

303 1967 354 2004 raes
381 1945 574 2012 Benedicens
597 1943 643 2008 ait
665 1942 726 2006 eis:
752 1939 886 2006 »Pacem
908 1943 1091 2008 habeatis!‹

380 2051 431 2116 Sic
454 2050 583 2114 elevatis
606 2047 752 2112 manibus
775 2047 808 2110 in
831 2048 933 2112 celum
955 2047 1126 2128 ferebatur,

380 2155 570 2238 Cunctisque
593 2151 773 2216 videntibus
795 2173 920 2216 sursum
944 2153 1136 2231 vehebatur3

379 2259 416 2324 In
441 2260 579 2322 humano
602 2277 731 2338 corpore
754 2255 816 2318 fuit
838 2255 987 2335 elevatus,
1089 2251 1091 2255 ’

379 2364 424 2428 Itt
446 2363 479 2426 in
503 2362 551 2426 dei
575 2361 674 2445 patris
697 2359 747 2424 sui
769 2359 898 2425 dextera
920 2360 1050 2426 locatus.

239 2473 243 2482 '
302 2491 353 2527 croc
379 2469 418 2533 In
440 2467 567 2533 deitatis
590 2465 693 2550 gloria
715 2465 798 2530 celos
820 2465 873 2529 hic
894 2467 1043 2544 ascendit,

380 2571 469 2649 Quod
493 2571 588 2634 homo
610 2569 693 2634 foret
715 2575 810 2655 atque
833 2570 908 2634 deus
930 2571 1036 2654 polam
1058 2571 1110 2636 hic
1132 2573 1279 2638 ostendit.

381 2676 440 2742 Sed
464 2675 591 2739 cumin
615 2697 688 2738 aera
709 2675 773 2738 iam
795 2697 919 2738 sursum
943 2677 1133 2742 ascendisset

380 2782 427 2846 Ac
449 2781 589 2844 elevatus
613 2779 738 2864 longius
762 2802 781 2843 a
803 2783 887 2843 terra
909 2780 973 2843 iam
995 2780 1116 2860 fuisset,

382 2887 432 2951 Ab
455 2907 561 2950 eorum
586 2884 684 2948 oculis
707 2906 763 2966 per
785 2883 899 2948 nubem
923 2889 971 2949 est
992 2892 1165 2970 susceptus,

303 3011 354 3048 cuc
383 2991 472 3065 Quod
496 2990 559 3053 iam
582 2987 615 3050 in
639 3009 709 3052 eum
733 2988 828 3072 dirigi
851 3011 914 3052 non
937 2991 1043 3072 potuit
1066 2997 1210 3075 aspectus

381 3095 625 3178 Discipulorum
649 3097 721 3176 post
743 3116 815 3156 eum
838 3115 910 3158 cum
933 3095 1140 3162 admiratione

382 3200 496 3264 Oculos
519 3199 750 3263 intendentium
773 3202 805 3261 et
826 3198 1084 3282 stupefactione;·

380 3305 439 3369 Sed
463 3307 546 3368 ecce!
570 3305 648 3367 duos
671 3325 769 3386 prope
791 3307 911 3368 stantes
934 3305 1065 3388 angelos
1090 3305 1236 3370 viderunt

385 3409 522 3474 Vestitus
546 3409 626 3473 albis
649 3408 798 3486 vestibus
821 3408 885 3472 illis
909 3409 963 3492 qui
986 3409 1175 3474 dixerunt:-

304 3534 355 3570 auo
384 3514 441 3577 »ln
465 3515 566 3578 celum
589 3514 665 3598 quid
688 3513 837 3596 aspicitis,
863 3513 920 3576 viri
945 3511 1082 3578 GalileiP

381 3617 462 3693 Quid
485 3639 541 3681 vos
563 3616 765 3680 admiramini
788 3616 825 3680 de
847 3616 932 3680 facto
956 3617 1014 3680 lilii
1038 3617 1112 3682 dei?

380 3723 465 3788 Nam
488 3721 597 3798 Jesus,
623 3722 677 3806 qui
701 3725 881 3806 assumptus
905 3729 952 3786 est
975 3745 994 3786 a
1018 3722 1106 3786 vobis
1129 3722 1235 3786 hicio
1258 3723 1370 3802 celum,

384 3826 503 3892 lterum
525 3827 569 3891 sic
592 3827 696 3892 veniet
719 3827 759 3891 ob
781 3827 941 3892 iudicandi
963 3827 1074 3908 zelum,

382 3931 652 4007 Quemadmodum
675 3931 799 3996 vidistis
822 3933 907 3996 hunc
930 3933 1031 3997 celum
1055 3933 1284 4014 ascendentem,

303 4058 354 4093 ⁸⁴1⁵
382 4035 510 4101 Itanos
535 4037 680 4100 videbitis
703 4037 795 4101 illum
818 4038 1024 4104 venientem<

382 4141 449 4206 Hac
474 4142 612 4205 videntes
636 4142 774 4206 universi
797 4143 888 4207 deum
913 4142 1088 4208 adorabant

383 4247 426 4320 Et
449 4269 519 4319 cum
544 4268 659 4342 magno
683 4247 782 4311 iubilo
805 4248 912 4312 laudes
935 4248 992 4313 deo
1015 4249 1142 4318 dabant.
