3080 4938
685 379 728 445 49

130 558 178 620 est
200 554 300 620 turris
322 554 469 632 rotunda,
492 554 525 618 in
550 575 614 640 qua
628 558 665 619 nt
679 553 790 618 dicunt
805 575 898 619 nemo
914 558 1010 619 noctu
1027 556 1122 620 audet
1137 553 1284 622 habitare

129 665 260 746 propter
283 659 434 744 strepitus
457 664 490 724 et
512 659 706 744 impetuosas
728 659 964 738 concussiones,
995 682 1074 744 quas
1106 661 1229 726 faciunt
1248 661 1283 726 in

129 789 166 832 ea
188 765 323 851 maligni
346 765 487 849 spiritus.
532 765 657 830 munita
685 769 734 830 est
763 765 832 829 haec
853 765 952 829 turris
979 767 1229 851 propugnaculis
1251 771 1284 831 et

131 871 332 937 antemurali.
378 869 482 956 Supra
511 892 581 935 eam
612 870 652 934 ab
675 869 863 934 occidentali
895 874 987 954 parte
1017 871 1146 936 advenit
1167 871 1283 936 fluvius

131 977 284 1056 Blauius,
308 982 340 1042 et
361 981 474 1042 contra
495 976 656 1040 civitatem
679 975 802 1040 irruens
826 997 882 1060 per
904 975 983 1039 duas
1006 976 1152 1059 patentes
1175 977 1283 1042 fauces

129 1083 254 1148 civitati
276 1081 433 1160 illabitur,
456 1085 488 1146 et
510 1084 587 1146 suut
609 1079 715 1145 fauces
738 1079 801 1144 illae
823 1080 972 1144 cancellis
995 1080 1124 1146 ferratis
1140 1081 1281 1146 munitae.

129 1186 166 1253 Iu
190 1188 247 1253 illo
269 1187 338 1252 loco
361 1192 409 1252 est
431 1185 621 1251 domuncula
644 1185 738 1250 bassa
760 1185 799 1248 ad
815 1207 953 1264 murum,
976 1186 1010 1249 in
1026 1207 1090 1270 qua
1110 1185 1207 1250 etiarn
1227 1209 1283 1269 per

130 1297 209 1358 rotae
233 1294 442 1379 agitationem
465 1314 556 1377 aquae
579 1315 635 1376 per
657 1291 781 1356 canalia
802 1313 859 1374 per
887 1291 1051 1358 civitatem
1085 1291 1283 1358 dividuntur.

131 1397 183 1463 Ab
218 1399 362 1464 interiori
394 1403 485 1484 parte
515 1398 599 1463 muri
630 1403 678 1462 est
708 1397 818 1462 domus
851 1397 990 1480 fratrum
1025 1401 1141 1462 sanctae
1173 1396 1283 1462 Mariae

130 1503 411 1581 Theutouicorum,
434 1503 475 1568 ab
498 1503 647 1568 exteriori
670 1525 744 1568 vero
768 1507 844 1567 sunt
867 1503 1075 1581 molendinas,
1101 1508 1133 1567 et
1154 1501 1283 1568 Judaeo·

129 1631 201 1674 rum
225 1609 370 1694 quaedam
393 1610 505 1674 domus
527 1631 699 1693 eorumque
722 1608 940 1674 coemiterium.

217 1713 295 1780 Inde
318 1715 457 1780 flectitur
480 1737 589 1779 murus
612 1714 782 1799 respiciens
813 1713 1008 1779 occidentem
1040 1712 1072 1776 in
1107 1713 1282 1792 meridiem,

130 1820 252 1885 habens
269 1821 314 1884 ibi
330 1843 427 1884 unam
442 1821 558 1884 turrim
573 1841 687 1884 novam
704 1820 737 1884 in
753 1819 954 1900 antemurali,
978 1823 1163 1904 postquam
1180 1819 1282 1903 majus

130 1925 297 1991 brachium
322 1925 427 1990 Blauii
451 1945 617 1990 acorrrrens
640 1929 778 2010 quatuor
799 1924 945 1989 faucibus
968 1925 1051 1988 muri
1072 1924 1228 2008 excipitur
1251 1928 1283 1989 et

132 2031 295 2095 civitatem
325 2029 515 2115 ingreditur.
553 2028 643 2093 iuxta
673 2028 732 2093 bas
760 2029 884 2109 fauces,
918 2029 994 2115 quia
1025 2033 1169 2113 patentes
1197 2034 1282 2106 sunt,

131 2140 244 2200 ereetae
267 2140 343 2199 sunt
366 2134 559 2198 munitiones
588 2132 771 2199 fortissimae
801 2139 834 2200 et
866 2138 931 2200 tres
965 2139 1086 2210 turres,
1119 2139 1152 2199 et
1180 2133 1285 2199 ferrea

131 2241 272 2306 cancella
287 2240 419 2306 ductilia
434 2261 506 2324 quae
522 2243 655 2323 possunt
670 2261 796 2304 sursum
811 2239 897 2304 trahi
913 2243 945 2305 et
960 2237 1090 2304 remitti.
1129 2243 1161 2304 et
1183 2239 1282 2304 habe-

130 2351 184 2410 tur
206 2345 253 2410 ibi
275 2345 520 2430 diligentissima
541 2345 701 2424 custodia,
733 2367 774 2410 ne
806 2346 926 2428 pariter
955 2367 1027 2409 cum
1059 2366 1142 2430 aqua
1172 2346 1282 2432 ingre-

129 2450 237 2516 diatur
258 2449 415 2515 iuimicus.
461 2449 514 2514 Ab
536 2449 601 2514 illis
623 2447 768 2514 faucibus
791 2449 972 2514 extenditur
993 2471 1103 2515 murus
1119 2472 1218 2534 usque
1241 2451 1282 2516 ad

131 2559 258 2640 portam
281 2554 504 2620 occidentalem
529 2553 737 2620 Judiciariam
760 2555 810 2620 vel
834 2553 1123 2642 Go'gglingensem,
1147 2556 1198 2620 cui
1220 2557 1283 2622 im·

130 2662 231 2726 minet
253 2683 310 2726 arx
340 2660 421 2736 alta,
452 2665 566 2726 oruata
597 2665 629 2726 et
659 2660 753 2726 fortis
783 2682 855 2725 cum
885 2661 1141 2746 propugnaculis.
1195 2659 1282 2726 Ante

129 2770 261 2851 pontem
283 2767 379 2830 huius
401 2769 501 2850 portae
524 2769 572 2830 est
595 2765 737 2830 terribile
760 2763 952 2830 fortalitium
975 2765 1147 2830 rotundum
1170 2769 1281 2849 pecto·

130 2872 198 2936 ralc
220 2891 292 2936 cum
317 2871 335 2934 7
358 2869 614 2954 propugnaculis.
662 2867 714 2933 Ab
736 2869 792 2932 illa
815 2891 886 2933 arco
909 2871 1070 2934 descendit
1093 2893 1202 2934 murus
1226 2893 1283 2954 per

130 2976 286 3042 flexuram
308 2980 419 3040 contra
441 2973 604 3039 meridiem
627 2996 727 3058 usque
757 2975 791 3038 in
817 2974 1012 3054 Danubium,
1043 2975 1098 3039 ubi
1128 2976 1282 3060 angulum

130 3087 163 3147 et
185 3103 284 3147 cornu
306 3080 447 3146 civitatis
470 3079 618 3144 observat
642 3101 699 3143 arx
722 3078 938 3156 Piscatorum,
972 3103 991 3144 a
1022 3101 1085 3164 quo
1108 3079 1282 3164 incepimus

130 3185 373 3270 descriptionem
396 3183 518 3271 cinguli
540 3190 572 3249 et
596 3183 677 3248 rnuri
700 3183 848 3248 civitatis.
894 3181 944 3248 Ibi
959 3206 1015 3267 per
1030 3183 1187 3248 fossatum
1203 3183 1282 3248 civi·

130 3291 207 3356 tatis
231 3291 392 3356 descendit
415 3311 472 3374 per
494 3289 600 3354 lauces
623 3289 814 3354 fortissimas
838 3289 960 3372 reliqua
976 3311 1049 3372 pars
1066 3289 1182 3367 Blauii,
1207 3289 1283 3372 qnia

134 3395 181 3461 ita
214 3397 330 3461 fluvius
360 3395 522 3460 civitatem
556 3395 753 3480 ingreditur,
785 3394 869 3479 quod
903 3391 969 3480 [ut]
1000 3398 1106 3458 tamen
1145 3394 1284 3478 undique

129 3501 286 3568 fossatum
309 3502 439 3586 implet,
469 3506 501 3566 et
528 3501 574 3566 ita
603 3523 659 3585 per
689 3499 761 3564 illas
792 3500 898 3564 fauces
930 3521 968 3564 ea
999 3521 1073 3582 pars
1097 3499 1281 3564 Danubium

132 3609 221 3693 petit,
244 3630 315 3692 quae
338 3629 357 3671 a
379 3607 508 3671 civitate
524 3607 650 3671 exclusa
665 3607 785 3671 fossato
801 3605 941 3670 servivit.
990 3603 1158 3669 Fossatum
1175 3609 1282 3671 autem

131 3819 229 3882 cruris
252 3817 409 3882 inclusum
442 3820 474 3882 et
496 3817 709 3901 profundum,
743 3817 775 3879 in
808 3837 871 3900 quo
898 3815 999 3898 pisces
1031 3813 1125 3879 multi
1153 3819 1229 3880 sunt
1251 3821 1283 3880 et

131 3945 258 3990 anseres
281 3945 345 3988 non
367 3923 531 3988 domestici
554 3926 586 3988 et
608 3922 672 3987 alia
694 3921 851 4006 aquatica.

223 4029 231 4064 ¹
246 4029 399 4114 Magnum
415 4027 672 4093 commoditatem
687 4025 783 4090 simul
798 4047 870 4089 cum
886 4025 996 4089 decore
1011 4024 1162 4090 civitatis'
1172 4026 1283 4110 recipit

132 4133 230 4200 Ulma
252 4135 290 4199 de
312 4135 403 4220 aquis
426 4134 517 4198 iuxta
539 4155 608 4198 eam
631 4131 872 4206 confluentibus,
896 4129 1065 4214 dequibus
1087 4129 1206 4194 dictum
1222 4135 1280 4195 est.

130 4237 216 4305 Nam
239 4240 280 4304 ab
303 4239 427 4326 Hylaro
451 4239 563 4323 recipit
586 4239 694 4324 ligna3
718 4261 737 4301 a
758 4235 909 4300 Danubio
931 4236 1056 4300 diversa
1079 4235 1283 4300 mercimonia

698 4381 715 4420 a

203 4467 215 4523 1
238 4467 355 4523 Utilitas
375 4465 522 4521 fluminum
543 4465 615 4520 Mon.
637 4463 650 4518 l
671 4481 717 4518 am
737 4462 833 4520 rande.
