3080 4938
132 529 238 616 lignea
261 551 334 596 cum
355 529 561 615 portatilibus
586 530 618 593 in
642 553 705 615 qna
728 531 836 596 divina
858 531 1093 597 celebrarentur
1119 531 1281 616 usquead

131 635 368 700 suscitationem
383 635 531 702 ecclesie.
570 634 779 702 Festinabant
796 638 888 716 enim,
908 641 945 701 ut
961 637 1054 701 citius
1070 637 1279 702 introferrent

132 741 293 806 ecclesiam
314 741 348 804 in
371 741 551 818 civitatem,
575 742 651 826 quia
673 746 793 826 paratae
816 743 861 808 eis
884 748 976 808 erant
997 743 1120 808 insidiae
1144 745 1182 807 et'
1199 764 1278 827 opus

130 845 250 929 grande
272 849 360 923 erat,
383 849 416 910 et
438 868 508 910 cnm
533 846 594 910 boc
616 846 728 912 civitas
753 848 895 912 nondum
928 871 984 932 per
1016 868 1133 933 gyrum
1155 869 1282 912 murum

131 949 277 1015 habebat.
324 947 418 1016 Unde
441 950 665 1030 omnishomo,
688 950 817 1018 feminae
841 956 873 1018 et
893 953 965 1031 riri,
990 974 1080 1018 senes
1096 955 1128 1016 et
1142 951 1280 1030 iuvenes,

130 1055 242 1120 divites
265 1061 297 1120 et
326 1077 498 1140 pauperes,
533 1056 714 1141 spirituales
747 1062 779 1122 et
810 1058 966 1140 seculares
999 1058 1038 1123 ad
1072 1055 1283 1121 laborandum

130 1165 342 1226 accurrerunt.

219 1266 313 1332 Anno
336 1289 413 1354 ergo
436 1267 557 1334 domini
581 1269 664 1332 1377
688 1269 904 1334 dissoluerunt
926 1267 1093 1334 Ulmenses
1116 1267 1283 1352 antiquam

152 1372 331 1452 arochiam,
354 1373 517 1438 ecclesiam
539 1373 578 1438 ad
602 1395 710 1440 omnes
734 1373 885 1455 Sanctos,
909 1379 941 1439 ct
964 1374 1071 1438 omnia
1089 1373 1283 1438 induxerunt

147 1481 162 1541 t
185 1477 327 1542 humeris
350 1478 530 1544 intulerunt
550 1478 585 1543 in
608 1479 780 1558 civitatem,
803 1481 837 1544 in
860 1479 966 1545 locum
987 1499 1045 1564 pro
1062 1478 1192 1543 ecclesia
1207 1499 1283 1542 con·

178 1582 282 1647 nenda
305 1583 496 1662 ordinatum,
520 1605 655 1669 cumque
677 1585 786 1649 omnia
800 1585 892 1650 illata
907 1589 1023 1663 essent,
1048 1583 1197 1648 foderunt
1211 1605 1283 1648 mu·

167 1709 240 1750 rum
261 1685 469 1752 fundamenta
492 1688 655 1772 usquead
678 1711 813 1773 aquam,
847 1693 880 1753 et
909 1688 978 1753 luto
1000 1688 1171 1774 infigentes
1193 1687 1283 1773 palos

151 1815 168 1858 e
192 1791 354 1856 ulmorum
369 1791 568 1858 solidissimis
590 1791 690 1878 lignis
713 1793 753 1858 ad
776 1795 1051 1879 superponendum
1073 1794 1194 1879 lapides
1209 1794 1284 1858 fun-

150 1897 326 1963 amentales
350 1901 382 1962 et
414 1919 491 1962 saxa
512 1897 648 1982 grandia
679 1921 750 1984 quae
780 1903 997 1964 sustentarent
1026 1903 1093 1964 tam
1121 1898 1285 1984 ingentem

161 2003 256 2068 olem.
303 2001 384 2066 Erat
399 2007 505 2067 autem
528 2001 722 2068 horrendum
744 2004 850 2070 ridere
872 2004 1133 2088 profunditatem,
1156 2005 1284 2090 magni-

128 2110 276 2174 tudinem
299 2112 331 2174 et
354 2130 410 2193 per
424 2109 591 2174 circuitum
606 2109 769 2192 ingentem
784 2110 937 2175 circulum
953 2109 1131 2175 fossaturae.
1177 2108 1284 2174 Habet

128 2214 215 2280 enim
238 2213 375 2278 circulus
397 2211 452 2278 ille
475 2235 532 2296 per
554 2235 671 2299 gyrum
686 2215 937 2300 quadringentos
961 2203 1130 2301 sexaginta
1145 2219 1284 2298 quatuor

129 2342 253 2403 passus.
312 2317 454 2404 Cumque
483 2318 571 2384 locus
602 2318 801 2384 fundamenti
833 2323 965 2405 paratus
994 2324 1094 2386 staret
1110 2321 1138 2398 ¹,
1162 2320 1284 2384 denun-

127 2425 259 2490 ciarunt
281 2423 423 2509 praelecti
447 2445 580 2508 operum
602 2422 792 2490 Consulibus
824 2425 1033 2490 fundamenta
1063 2425 1223 2504 iacienda,
1252 2428 1284 2488 et

128 2531 208 2614 quia
231 2553 312 2614 opus
335 2527 509 2594 Consulum
540 2533 628 2609 erat,
662 2531 801 2616 potiores
834 2553 873 2596 ex
902 2531 947 2596 eis
979 2531 1118 2616 primum
1148 2529 1285 2614 lapidem

127 2637 246 2700 orerito
270 2656 386 2720 ponere
408 2634 597 2712 debuerunt,
620 2633 776 2719 siquidem
799 2634 860 2700 hoc
881 2636 1003 2722 grande
1034 2634 1203 2700 aedificium
1234 2633 1285 2698 in-

128 2741 247 2826 cipere,
270 2740 420 2825 perficere
443 2744 475 2804 et
498 2761 716 2805 consummare
739 2741 948 2806 intendebant
971 2763 1042 2805 cum
1065 2762 1131 2805 suas
1146 2739 1285 2804 civitatis

127 2846 299 2930 expensis,
329 2867 387 2910 nec
418 2845 558 2930 aliquam
582 2846 769 2930 petitionem
793 2847 833 2910 ad
862 2845 923 2911 hoc
950 2849 1040 2912 extra
1062 2843 1193 2911 Ulmum
1216 2843 1285 2907 fieri

129 2950 355 3028 decreverunt,
389 2971 446 3016 nec
467 2949 683 3036 indulgentias
706 2949 857 3035 speciales
880 2949 919 3014 ad
942 2949 1003 3014 boc
1025 2951 1284 3034 impetraverunt,

129 3077 190 3120 nec
215 3055 396 3140 principum
420 3054 614 3120 adiutorium
634 3055 879 3134 invocaverunt,
903 3056 1030 3139 dempto
1052 3055 1166 3119 comite
1188 3075 1285 3138 gene·

128 3182 205 3226 roso
230 3161 269 3226 de
292 3159 517 3246 Wirtenberg,
547 3161 636 3226 cuius
659 3160 825 3226 videbatur
848 3182 922 3244 pars
947 3159 1040 3225 fundi
1063 3181 1139 3238 esse,
1162 3159 1286 3222 ratione

130 3266 276 3331 ecclesiae
299 3265 402 3330 sancti
426 3263 556 3352 Georgii
579 3269 611 3330 et
629 3266 817 3331 'monasterii
841 3265 917 3330 olim
940 3266 974 3331 in
997 3265 1053 3330 illo
1076 3264 1146 3328 loco
1162 3285 1181 3327 a
1196 3261 1285 3326 Wir·

128 3371 399 3457 tenbergensibus
415 3369 560 3450 fundati;
584 3372 624 3436 ab
647 3371 703 3436 illo
725 3371 810 3436 enim
832 3371 947 3435 comite
970 3391 1157 3468 eonsensum
1177 3367 1285 3451 requi-

127 3499 201 3542 rere
225 3498 352 3542 necesse
374 3481 443 3542 erat
457 3473 479 3540 ².
525 3475 675 3540 Libenter
698 3479 804 3540 autem
827 3475 941 3540 annuit
969 3497 1071 3540 comes
1103 3493 1285 3560 generosus,

99 3622 111 3668 .,
125 3583 310 3648 admiratus
333 3581 630 3667 magnanimitatem
654 3581 782 3646 illorum
806 3581 932 3660 civium,
956 3581 1040 3666 quod
1062 3584 1130 3644 tam
1153 3582 1285 3661 stupen-

126 3687 206 3752 dum
234 3709 314 3771 opus
345 3687 410 3751 suis
442 3685 563 3751 viribus
594 3687 743 3771 perficere
771 3685 1015 3771 presumebant.
1064 3686 1158 3749 Anno
1185 3683 1286 3769 igitur

127 3793 272 3878 praefato
296 3791 411 3856 ultima
431 3791 522 3856 Junii
544 3814 616 3858 cum
639 3793 705 3858 dies
727 3791 904 3870 illuxisset,
938 3793 1132 3874 congregato
1161 3787 1194 3852 in
1218 3787 1286 3852 loco

127 3901 305 3962 structure
328 3898 415 3961 omni
438 3897 521 3962 clero
543 3897 718 3982 etpopa10,
742 3897 915 3962 solenniter
933 3893 1134 3961 fundamenti
1150 3893 1286 3978 lapidem

127 4005 276 4088 primum
300 4025 415 4087 ponere
432 4004 535 4087 parati
551 4007 651 4068 erant.
698 4003 746 4068 De
768 4025 924 4068 consensu
940 4001 1131 4067 Consulatus
1151 3997 1287 4082 insignis

127 4109 179 4172 vir
204 4107 375 4173 Ludwicus
399 4107 515 4187 Krafft,
539 4131 597 4192 pro
621 4113 696 4173 tuno
718 4107 945 4193 magistratum
968 4107 1084 4170 civium
1106 4108 1229 4180 tenens,
1253 4103 1286 4164 in
1296 4099 1381 4178 92⁰5,

705 4251 723 4292 ἸΙ

206 4355 219 4408 l
244 4347 402 4421 Solempnis
431 4351 563 4408 fundanio
587 4351 708 4408 ecclesie
733 4349 918 4422 parrochialis
945 4346 1078 4404 ulmensis
1103 4347 1177 4402 Mon.
1205 4347 1215 4398 l
1243 4361 1288 4397 am

128 4441 233 4498 rande.
307 4440 323 4493 2
342 4439 422 4495 Siebe
439 4440 511 4495 oben
529 4457 550 4496 s.
569 4441 604 4495 24
622 4439 679 4494 und
698 4457 721 4494 s.
739 4439 783 4496 25.

185 4547 320 4590 Tractatum
334 4546 363 4586 de
377 4546 475 4589 civitate
490 4545 600 4590 alnensi.
1065 4543 1081 4596 3
