3034 4922
669 369 731 435 175

209 561 261 600 ⁶1⁶⁰
285 543 329 609 ut
350 543 389 610 ud
412 549 523 630 guttas
545 545 688 632 singulus
710 543 875 632 sauguinis
897 546 952 630 qui
974 545 1068 611 fluxit

284 649 330 714 De
351 651 411 714 filii
433 651 618 716 vulneribus
639 651 810 716 oseulendo
832 652 933 727 luxil;

281 753 340 820 Sed
362 756 502 822 diversos
525 757 682 822 eruciatus
703 778 775 822 eum
797 758 1072 841 contemplaretur,

285 863 370 940 Quos
391 861 477 928 filius
499 864 532 928 iu
555 885 686 948 eorpere
709 885 765 928 suo
788 865 953 948 patiretur,

282 965 372 1032 Flere
394 989 488 1052 super
510 967 655 1054 singulos
676 969 760 1053 uepil
782 969 994 1048 lamentando,

203 1089 254 1127 ⁶¹⁶⁶
281 1072 325 1137 lle
346 1072 453 1142 verbis
474 1073 570 1138 nimie
593 1073 746 1140 dolorosis
769 1074 901 1160 lugebat
922 1071 1078 1139 eiuleude

280 1175 363 1242 Nem
385 1201 442 1262 per
465 1183 569 1244 totum
592 1201 706 1264 eorpus
728 1181 795 1245 eius
817 1202 887 1244 eum
910 1179 1039 1264 respicii
1060 1179 1190 1244 diffusas

282 1280 399 1368 Plsges
420 1283 492 1350 illes
515 1283 715 1368 flagellorum
740 1285 894 1369 sunguine
916 1283 1071 1368 perfusae,

283 1387 326 1451 Ee
348 1389 381 1452 in
404 1410 497 1453 eume
518 1409 577 1452 sus
599 1388 679 1454 vidit
701 1389 839 1473 undique
861 1389 1022 1467 scissurus,
1190 1377 1192 1382 ⁵

174 1563 178 1571 ,
280 1491 408 1558 Lirures
431 1514 556 1578 quoque
577 1493 691 1558 lividos
713 1497 746 1558 ei
767 1492 934 1558 verberum
954 1493 1084 1572 lesurae,

205 1615 257 1651 ⁵1⁸⁰
284 1596 484 1663 Exclamavit
504 1597 703 1683 gemebunde
724 1618 796 1662 eum
818 1619 892 1662 voee
914 1597 1131 1663 lacrimarum:

283 1701 359 1782 ΝΘ,
383 1725 420 1767 ve
442 1703 523 1768 mihi
544 1704 672 1770 misere!
697 1725 758 1787 que
780 1703 873 1788 signa
895 1708 969 1768 eunt
991 1683 1168 1788 plagarum,

281 1807 348 1884 Que
369 1809 484 1874 diffuse
506 1809 596 1874 video
617 1831 674 1893 per
695 1831 808 1892 eorpus
831 1808 994 1887 meinati,

284 1910 432 1978 Pluribus
455 1913 639 1980 vulneribus
661 1913 778 1998 ubique
800 1914 973 1978 cruentuli!
1043 1913 1046 1922 ’

283 2017 330 2082 Ve
352 2017 441 2098 mihi,
465 2039 568 2084 meum
590 2018 719 2084 unicum
740 2017 842 2084 filium
864 2040 974 2083 eruore

203 2139 254 2178 sue
282 2119 449 2188 Perfusum
471 2126 576 2186 totum
599 2121 689 2186 video
710 2125 947 2206 tumentemque
969 2122 1086 2189 livore!

279 2226 327 2292 Ve
348 2226 439 2306 mihi,
463 2231 567 2292 lotum
589 2249 703 2312 eorpus
726 2226 792 2292 eius
814 2248 908 2292 cerno
931 2227 1140 2310 vulneratum,

279 2331 495 2416 Flagellorum
517 2331 633 2398 ielibus
655 2337 687 2396 et
709 2331 776 2396 dire
798 2332 988 2398 leuereiuml

279 2439 327 2504 Ve
348 2437 438 2518 mihi,
461 2441 565 2504 lotum
587 2441 683 2522 (repul
704 2437 771 2502 eius
792 2459 886 2504 cerno
907 2437 1114 2522 perforatum,

277 2543 327 2610 Ex
349 2543 449 2628 spinis
471 2543 586 2627 quibus
608 2542 688 2608 illud
710 2545 766 2620 est,
790 2565 828 2607 ve
848 2542 938 2620 mihi,
961 2547 1166 2610 coronatum!

200 2667 251 2705 ⁶1⁷⁰
277 2649 328 2714 Ex
349 2648 477 2712 illerum
499 2649 661 2732 spinarum
685 2647 800 2714 aculeis
823 2649 924 2714 acutis

281 2752 492 2820 Vulnerslum
515 2753 653 2838 undique
675 2758 771 2838 eaput
792 2758 841 2818 est
862 2758 894 2818 et
915 2755 1006 2821 eutis.

279 2857 306 2924 Ο
328 2860 373 2924 mi
395 2859 462 2924 fili!
485 2857 598 2924 faeiem
621 2862 711 2923 luem
732 2863 799 2924 lem
821 2857 981 2926 deeenlem

278 2963 378 3030 Cerno
400 2963 601 3030 tunsionibus
623 2963 789 3049 plagisque
810 2969 995 3030 tumentem.

278 3069 395 3136 Tolum
417 3075 513 3154 sepul
534 3073 625 3134 luum
647 3091 741 3136 cerno
763 3074 888 3136 tumens
910 3073 943 3134 et
963 3071 1120 3151 inflatum,

204 3193 255 3231 ⁶1⁷⁶
282 3175 431 3260 Colaphis
454 3181 486 3242 et
508 3175 608 3260 elepis
632 3197 738 3240 emere
761 3174 969 3242 verberatum.

280 3280 326 3346 Ve
348 3281 445 3346 mihi!
470 3282 602 3360 vultum,
625 3280 673 3346 fili
694 3280 749 3360 mi,
772 3285 863 3346 tuum
886 3285 953 3346 lem
975 3282 1122 3348 decorum

277 3385 435 3452 Infeelum
457 3391 561 3454 tolum
583 3387 673 3452 video
695 3387 797 3470 sputis
819 3387 1010 3470 iniquorum.
1085 3401 1089 3410 '

279 3489 326 3556 Ve
348 3491 444 3558 mihi!
468 3497 540 3558 luas
563 3514 667 3558 roseas
690 3491 902 3576 emsbileeque
925 3511 1022 3576 geues

280 3593 378 3661 Video
401 3596 561 3680 spurcitiis
583 3596 766 3680 iniquorum
787 3595 906 3678 plenus.

204 3719 255 3758 uso
281 3697 328 3766 Vs
350 3701 451 3766 mihi!
474 3701 512 3773 de
535 3699 717 3766 vulneribus
740 3701 905 3786 plagisque
926 3700 1087 3766 clerorum

277 3803 314 3872 ln
337 3806 395 3872 lilii
417 3807 478 3872 mei
501 3804 647 3873 menibus
670 3805 802 3890 pedibus
824 3805 969 3870 fixorum.

283 3909 342 3976 l'ili
365 3911 419 3988 mi,
442 3933 461 3976 ο
483 3910 529 3976 fili
553 3911 606 3990 mi,
630 3910 676 3976 fili
698 3911 752 3990 mi,
776 3909 882 3974 ofili!

280 4014 341 4080 Pro
364 4020 396 4082 le
418 4016 561 4082 merida
581 4015 671 4095 mihi,
695 4016 745 4080 vel
767 4020 870 4082 tecum
894 4015 974 4080 mori
997 4013 1062 4082 fili!

276 4113 324 4185 Ve
347 4120 435 4198 mihi,
458 4143 514 4186 eur
536 4143 601 4186 ιιοιι
623 4121 782 4205 rumpitur
804 4142 857 4184 eor
879 4143 984 4186 meum
1006 4121 1196 4200 dolorosum,

201 4245 252 4283 ⁶¹⁸⁶
278 4225 357 4292 (lum
380 4227 460 4292 mori
484 4249 586 4294 meum
610 4227 701 4292 video
724 4229 835 4290 nalum
859 4229 1061 4292 timorosum?

682 4347 700 4386 ιι

193 4451 269 4518 5182,
286 4451 330 4522 83,
349 4455 391 4518 90,
409 4454 459 4520 915
478 4455 555 4519 5216,
576 4453 622 4516 lh
640 4451 717 4518 5402,
737 4451 804 4508 5403
822 4451 916 4508 lehleu
933 4451 964 4504 iu
982 4450 1016 4508 G.
