3014 4926
653 325 714 392 115

264 499 313 566 Ex
336 500 606 586 distemperantia,
629 521 687 568 nec
709 500 938 566 molestabatur

264 604 450 672 Morborum
472 605 653 691 egritudine
675 607 846 692 quiequam
867 607 1051 693 effetanda,

260 709 321 776 Vel
342 711 513 778 sanitatem
535 697 675 796 corporis
697 733 840 797 unquam
861 711 1067 778 immutando.

180 833 235 873 ⁸⁸²⁰
261 815 414 882 Attamen
436 816 589 882 sustinuit
611 815 752 882 defectus
774 815 937 902 generales

260 919 407 988 Humane
429 919 627 1006 fragilitatis,
651 925 684 988 et
705 943 802 1006 penas
824 909 1019 1006 torporales;

261 1023 345 1091 Nem
368 1024 498 1105 famem,
520 1025 609 1090 sitim
631 1024 813 1110 plurimam,
836 1028 869 1092 et
891 1025 1005 1112 frigus,
1028 1025 1196 1106 tolerabat,

259 1129 309 1196 nx
331 1131 436 1197 calore
458 1130 564 1216 sepius
586 1130 662 1196 solis
683 1132 840 1197 estuabat.

260 1235 307 1302 De
327 1235 437 1302 labore
459 1236 585 1302 marum
607 1257 681 1321 sepe
702 1235 907 1322 gravabatur,

180 1357 234 1397 Μ
260 1339 418 1408 Humanis
440 1341 485 1406 sic
507 1339 682 1406 defectibus
704 1339 798 1407 Jesus
820 1341 1004 1409 vexabatur.

518 1579 572 1652 De
599 1579 703 1653 victu
729 1578 831 1652 Jesu.

258 1759 296 1826 In
317 1761 405 1826 victu
426 1759 520 1826 Jesus
542 1761 646 1828 tenuit
669 1781 820 1847 magnam
841 1761 1038 1846 parcitatem,

258 1865 341 1944 Quia
363 1889 526 1952 nunquam
551 1867 715 1932 consuevit
737 1867 777 1932 ad
800 1866 979 1933 satietatem

261 1969 371 2038 Ullum
392 1973 499 2038 cibrm
521 1994 653 2052 sumere,
676 1993 734 2038 nec
755 1972 949 2038 dividioabat

257 2076 344 2143 luter
367 2077 463 2156 eibos,
486 2077 644 2143 modicum
666 2081 773 2142 tamen
795 2077 1016 2157 manducabat,

181 2199 232 2238 πω
258 2181 414 2268 Quicquid
437 2181 499 2248 sibi
520 2182 699 2266 ponebatur
720 2204 834 2267 parum
857 2181 1064 2269 degustando,

258 2285 369 2352 Potius
392 2309 488 2372 quam
511 2287 632 2372 aliquid
654 2309 693 2354 ex
714 2287 771 2352 illo
793 2286 1030 2363 manducandm

257 2389 343 2458 Raro
366 2413 441 2458 vero
463 2393 656 2472 comedebat,
679 2414 755 2458 nam
776 2415 850 2478 sepe
871 2393 1046 2460 biduanum

257 2494 411 2563 &nabat
433 2496 595 2576 ieiunium,
619 2497 808 2582 quandoque
829 2497 1023 2566 triduanum.

256 2599 376 2667 Tamen
399 2601 585 2688 diligentius
607 2601 686 2668 illud
708 2601 907 2682 observabat,

180 2723 232 2763 ³⁸⁸⁶
257 2705 347 2784 Quod
370 2728 494 2792 semper
517 2709 663 2792 quartam
686 2706 798 2772 leriam
820 2711 852 2774 et
874 2711 997 2774 sextam
1019 2706 1191 2774 ieiunabat.

253 2808 291 2876 ln
314 2815 393 2896 potu
414 2810 642 2896 parsimoniam
663 2811 835 2878 maximam
858 2812 997 2888 tenebat,

255 2913 375 2982 Vinum
397 2938 473 2982 nam
495 2916 544 2982 vel
567 2937 708 3001 syceram
731 2915 891 2982 rarissime
913 2915 1053 2982 bibebat.

254 3020 434 3106 Utrumque
456 3025 562 3088 tamen
584 3021 692 3086 bibere
713 3023 876 3088 consuevit
897 3021 965 3106 ipse
988 3043 1111 3106 parum,

254 3123 338 3192 Nam
361 3125 448 3192 sitim
470 3149 561 3192 suam
582 3126 736 3192 recreavit
757 3131 869 3212 potum
891 3149 947 3211 per
969 3147 1140 3211 equarum3

179 3251 229 3288 suo
255 3230 410 3316 Quicquid
433 3236 540 3296 autem
560 3229 692 3297 bibebat
713 3231 774 3297 hoc
795 3231 953 3296 modicum
975 3230 1134 3316 gustando

254 3333 406 3420 sempsit,
428 3359 519 3402 suam
541 3335 630 3402 sitim
652 3336 706 3402 vix
728 3359 784 3422 per
805 3335 885 3401 illud
907 3336 1086 3402 recreando.

481 3573 536 3648 De
562 3573 729 3649 vestibus
756 3573 858 3648 Jesu.

256 3757 349 3828 denus
370 3777 495 3845 quoque
518 3757 658 3824 vestibus
681 3758 789 3843 paucis
811 3757 968 3839 utebatur,

256 3863 340 3930 Nam
362 3863 430 3930 sola
451 3867 578 3930 tantum
599 3863 708 3930 tunica
730 3863 783 3929 hic
804 3864 1004 3930 induebatur.

659 3971 677 4012 s

174 4051 252 4109 Naeb
269 4055 336 4112 3325
354 4055 440 4126 ldgen
452 4053 477 4110 G
489 4053 547 4109 und
559 4053 578 4110 Z
591 4053 658 4110 awai
674 4069 751 4110 verse
768 4053 860 4120 hinnu,
879 4052 924 4109 die
944 4053 986 4108 als
1002 4052 1240 4124 interpolationen

103 4158 136 4195 au
153 4141 316 4200 betraehten
333 4143 409 4198 sind:

308 4229 382 4286 Nam
400 4229 533 4287 estuabat
550 4229 643 4300 sepius
661 4227 727 4286 solie
745 4247 777 4284 ex
796 4231 886 4286 calore

306 4317 486 4374 Gravabatur
503 4317 589 4374 etiam
607 4315 718 4372 itineris
736 4316 840 4382 labore,

104 4402 267 4474 nmpestallt
284 4421 332 4460 aus
350 4407 418 4462 8823
436 4405 494 4462 und
511 4405 589 4462 3³24.
