3034 4922
577 365 594 409 ⁸
669 357 731 425 251

280 529 395 598 Omnia
418 555 479 618 que
500 533 585 599 facte
607 537 682 598 sunt
703 533 781 618 ipsis
805 533 951 600 recitavit

201 655 254 694 τηε
282 637 326 702 m
348 639 488 723 corporis
511 638 758 722 assumptionem
781 637 882 704 Mario
904 640 1074 706 nuntiarit.

282 741 363 827 Ipsis
386 766 511 829 quoque
534 744 763 810 demonstravit
786 744 956 810 demissum
977 745 1039 810 sibi
1062 745 1177 826 velum,

150 881 156 890 ·
281 847 484 916 Translatum
508 872 620 935 corpus
643 851 777 936 virginis
801 873 941 916 asserens
964 852 998 916 in
1020 852 1131 917 celum.

282 953 427 1039 Apostoli
449 957 557 1022 mirati
579 960 663 1037 sunt,
687 957 748 1022 hoc
770 958 891 1022 factum
914 956 1086 1036 audientes,

282 1057 396 1126 Velum
418 1084 481 1147 quo
504 1063 666 1148 procincta
687 1061 751 1127 fuit
773 1063 865 1148 virgo
889 1063 1123 1148 cognoscentes,

198 1153 255 1220 ¹⁷⁴⁷⁰
281 1165 325 1232 Et
348 1169 523 1252 aperientes
546 1168 705 1233 tumulum
727 1167 809 1232 nihil
831 1153 1029 1249 invenerunt,
1104 1177 1106 1182 “

258 1270 351 1337 ‚Nisi
373 1295 491 1339 manua
512 1275 652 1359 positum
673 1275 707 1339 in
729 1275 832 1340 medio
855 1275 1012 1354 viderunt,

282 1375 470 1444 Clauserunt
492 1401 568 1464 ergo
591 1379 760 1460 tumulum,
783 1377 894 1446 Jesum
915 1380 1180 1458 commendantes,

283 1483 327 1548 ut
349 1483 450 1550 Maris
471 1487 568 1552 matri
589 1507 645 1551 sue
666 1486 775 1551 laudes
798 1486 1012 1564 decantantes,

283 1585 432 1672 Scientes,
458 1591 541 1676 quod
564 1595 631 1656 tam
654 1613 784 1676 corpore
807 1613 903 1676 quam
925 1590 1032 1656 anima
1053 1589 1210 1654 translata

205 1709 257 1748 ππ
283 1692 377 1760 Esset
398 1698 431 1760 et
453 1696 487 1760 in
509 1695 613 1782 gloria
635 1695 694 1760 tilii
715 1695 828 1760 locata.

284 1796 360 1864 Post
381 1799 443 1865 hoc
464 1804 591 1866 sanctus
614 1800 745 1884 spiritus
768 1799 937 1884 discipulos
961 1801 1088 1879 levavit,

284 1902 335 1970 Ad
357 1908 485 1985 terram,
508 1905 547 1971 de
569 1927 632 1990 qua
654 1911 791 1987 venerat,
816 1904 990 1991 quemlibet
1011 1903 1162 1990 portavit.

281 2219 334 2294 De
361 2220 516 2295 diversis
544 2221 631 2294 celis
659 2241 752 2314 quos
779 2220 958 2294 transivit
985 2219 1118 2293 Maria.

287 2427 446 2493 Traducta
469 2433 546 2494 tuno
569 2430 609 2494 ab
632 2429 754 2514 angelis
776 2429 809 2492 in
833 2429 915 2494 celos
936 2435 984 2494 est
1007 2429 1112 2496 Maria

286 2533 363 2598 Cum
387 2532 629 2600 iubilationibus
653 2538 685 2599 et
707 2533 791 2598 dulci
814 2533 1013 2618 symphonia.

210 2656 261 2694 uso
287 2637 394 2705 Primo
419 2637 503 2706 nam‘
516 2662 640 2705 aereum
664 2639 766 2704 celum
789 2641 976 2724 penetravit,

287 2743 395 2812 (telum
416 2746 492 2812 hino
514 2745 675 2811 ethereum
699 2744 843 2810 exultans
867 2747 1086 2812 transvolavit.

287 2850 363 2918 Post
384 2852 445 2918 hoo
467 2853 507 2917 ad
529 2853 684 2918 sidereum
705 2851 807 2918 celum
830 2850 1002 2930 ferebatur,

288 2956 352 3023 Ubi
374 2981 430 3044 per
452 2958 535 3024 hanc
558 2957 720 3024 obscurari
742 2957 796 3022 lux
820 2957 894 3022 solis
918 2945 1094 3035 videbatur,

288 3064 369 3140 Quia
392 3065 467 3130 solis
491 3069 586 3150 atque
607 3065 682 3128 lune
704 3063 902 3148 splendorem
924 3062 1114 3146 precellebat

212 3188 263 3226 aaa
291 3167 444 3253 Splendor
466 3191 581 3254 magne
604 3168 768 3246 claritatis,
793 3167 896 3232 Maria
918 3167 1183 3251 quam.habebat.

289 3273 481 3340 Cunctorum
504 3297 629 3360 quoque
651 3275 851 3359 planetarum
873 3273 981 3338 lumen
1005 3271 1199 3348 obfuscabat,

291 3381 349 3446 Pre
370 3383 491 3448 cunctis
514 3405 587 3447 nam
610 3380 764 3447 sideribus
788 3379 890 3444 Maria
911 3379 1065 3456 radiabat,

289 3488 334 3554 Et
356 3490 453 3554 totius
476 3489 668 3554 firmamenti
690 3488 854 3554 stellarum
877 3486 1053 3551 claritatem

292 3591 486 3660 Obfuscabat
508 3593 612 3658 Maria
634 3615 690 3678 per
712 3615 801 3658 suam
825 3591 1005 3675 puritatem.

276 3910 380 3996 Quod
407 3906 528 3982 Maria
554 3908 659 3982 venit
685 3908 733 3980 ad
761 3909 882 3980 celum
912 3927 1140 4002 empyreum.

215 4141 267 4178 ⁷⁴⁹⁰
293 4121 401 4188 Celnm
424 4121 498 4186 hinc
521 4141 704 4205 empyreum
727 4118 867 4182 ascendit
889 4121 991 4182 mater
1013 4115 1072 4194 dei,

295 4225 356 4292 Ubi
380 4225 488 4290 multis
511 4224 657 4289 laudibus
680 4225 886 4288 occurrerunt
907 4223 946 4298 ei,

293 4331 503 4416 Smcipientes
525 4351 593 4396 eam
618 4329 706 4394 chori
729 4348 841 4392 novem
866 4325 1061 4412 angelornm,

295 4437 341 4502 lte
364 4435 499 4501 universi
522 4433 653 4520 spiritus
677 4437 709 4499 et
731 4432 856 4498 ordines
879 4435 1072 4498 sanctorum.
