3060 4936
673 393 735 460 207

130 573 183 640 Ad
200 573 364 639 meridiem
381 577 428 638 est
450 572 528 638 villa
544 569 742 657 wiblingen,
767 573 800 638 in
825 574 952 657 quaest
974 571 1113 638 ecclesiae
1129 574 1281 656 patronus

131 686 163 746 et
177 680 379 748 Ulmensium
394 683 500 744 custos
512 683 645 744 sanctus
656 677 816 745 Martinus
832 682 974 742 armatus
989 675 1106 742 militia
1121 673 1282 760 spirituali

130 791 163 852 et
178 785 356 872 temporali.
403 783 454 850 lbi
470 785 567 850 etiam
584 785 713 870 propius
737 788 785 850 est
800 782 1044 850 Schweikhofen
1058 783 1079 860 ¹,
1103 781 1180 847 olim
1194 781 1283 861 villa,

131 891 187 956 nbi
210 891 304 956 hodie
338 895 387 956 est
417 890 564 970 ecclesia,
597 891 630 954 in
666 913 729 975 qua
760 894 889 955 sanctus
912 887 1052 954 Joannes
1075 885 1284 972 Evangelista

130 995 262 1064 Ulmum
285 996 442 1062 observat.
489 995 539 1060 Ad
563 996 718 1062 orientem
741 1001 789 1063 est
810 994 928 1061 Pfuol²
952 993 1046 1072 villa,
1074 993 1165 1058 iuxta
1188 1013 1284 1077 quam

130 1098 351 1169 mausoleum⁸
375 1105 423 1166 est
446 1101 636 1166 beatissimae
670 1101 804 1187 virginis
828 1099 940 1165 Mariae
963 1097 995 1163 in
1021 1091 1377 1182 publicastrata‚12‘,¹‚⁰¹,‘}·0,

132 1207 217 1294 quod
239 1206 421 1272 inhabitare
453 1229 486 1271 se
510 1207 707 1272 demonstrat
734 1205 923 1292 quibusdam
947 1203 1127 1283 mimalia,
1159 1226 1197 1268 ex
1221 1225 1283 1288 quo

133 1311 263 1378 Ulmam
295 1309 520 1376 misericordiae
552 1311 651 1376 oculis
682 1310 812 1395 inspicit
844 1314 876 1375 et
908 1313 1026 1375 tuetur.
1073 1307 1108 1373 In
1143 1331 1180 1374 ea
1207 1307 1284 1372 villa

125 1422 287 1502 ‘patronus
311 1420 439 1482 sanetus
463 1414 633 1482 Udalrious
662 1415 819 1495 ecolesiae‚
848 1415 988 1500 optimus
1018 1414 1133 1480 civium
1166 1435 1200 1479 ne
1221 1415 1389 1506 im-mfflpm

135 1523 330 1608 plorantium
348 1528 463 1588 custos.
500 1522 549 1587 Ad
567 1522 747 1608 aquilonem
764 1522 860 1588 estin
875 1521 964 1606 regio
981 1525 1088 1585 monte
1104 1519 1285 1606 Elchingcn

134 1627 274 1694 excelsus
309 1627 501 1693 beatissimae
538 1627 673 1712 virginis
705 1626 840 1692 thronus
873 1625 1044 1690 collocatus
1078 1626 1111 1688 in
1144 1624 1284 1688 omnium

137 1741 292 1801 terrorem
321 1733 445 1800 civitati
467 1731 613 1800 Ulmensi
644 1753 757 1798 nocere
787 1731 972 1797 volentium.
1018 1727 1062 1793 Et
1093 1729 1153 1794 sub
1185 1751 1222 1794 ea
1252 1729 1285 1793 in

134 1840 213 1906 villa
235 1837 431 1926 Talflngen⁴
467 1839 583 1904 residet
613 1838 647 1903 in
679 1837 809 1904 ecclesia
840 1835 936 1902 armis
968 1836 1126 1902 accinctus
1158 1839 1286 1900 sanctus

135 1945 291 2032 Georgius
301 1945 323 2025 ⁶,
347 1945 438 2010 miles
454 1945 700 2024 strenuissimus,
717 1948 847 2028 paratus
863 1943 896 2007 in
913 1941 1112 2008 Ulmensium
1129 1939 1286 2006 defensio·

133 2075 216 2117 nem.
241 2073 337 2136 supra
358 2051 392 2116 in
416 2055 523 2116 monte
546 2055 595 2116 est
617 2050 708 2135 origo
733 2048 968 2114 medicinalium
991 2069 1146 2132 aquarum
1169 2050 1201 2112 et
1215 2045 1286 2111 fons

133 2157 291 2237 salubris,
324 2156 414 2221 iuxta
446 2177 540 2241 quem
571 2161 619 2222 est
640 2155 771 2241 grandis
794 2155 905 2220 domus
937 2175 1008 2219 cunr
1031 2153 1141 2218 multis
1165 2151 1287 2218 cellulis

132 2285 191 2349 pro
214 2261 363 2328 balneari
386 2263 576 2329 volentibus.
601 2261 657 2326 ubi
679 2283 737 2327 suo
759 2267 901 2346 tempore
923 2257 1090 2326 Ulmenses
1114 2257 1147 2322 in
1170 2279 1288 2344 magna

132 2367 341 2434 multitudine
363 2367 555 2434 balneantur
578 2369 638 2432 viri
664 2373 696 2433 et
718 2368 845 2434 femina
867 2389 925 2452 pro
948 2365 1086 2431 sanitate
1109 2368 1141 2429 et
1163 2363 1285 2428 solatio.

134 2473 173 2540 In
190 2497 228 2538 ea
239 2473 336 2558 plaga
350 2472 480 2558 propius
496 2472 624 2540 Ulmum
641 2479 689 2539 est
706 2473 835 2539 ecclesia
846 2472 880 2536 in
896 2495 960 2557 qua
982 2475 1110 2536 sanctus
1125 2469 1285 2536 Iseonhar·

134 2579 217 2644 dus⁰
240 2581 391 2662 patronus
403 2583 460 2656 est,
485 2579 539 2663 qui
551 2584 681 2664 paratus
695 2601 818 2664 semper
830 2583 878 2643 est
891 2577 1012 2643 solvere
1020 2575 1147 2642 vincula
1162 2595 1286 2659 compe·

135 2681 301 2750 ditorum⁷
324 2705 357 2748 se
373 2684 589 2748 invocantium
606 2689 638 2751 et
652 2705 763 2769 capere
779 2705 815 2748 ao
829 2681 932 2767 ligare
948 2679 1154 2748 Ulmensihus
1177 2701 1288 2745 nocere

136 2787 347 2872 volentium&
395 2787 446 2856 Ad
469 2789 555 2854 hunc
568 2789 760 2861 ,beatissima
776 2789 868 2874 virgo
883 2785 987 2852 Maria
1009 2809 1100 2852 snam
1122 2784 1289 2852 collocavit

135 2895 252 2974 sedern,
276 2899 308 2960 et
324 2893 485 2960 miraculis
509 2918 542 2960 se
565 2895 610 2960 ibi
633 2894 740 2960 favere
757 2893 964 2960 Ulmensihus
987 2893 1192 2958 demonstrat.
1239 2889 1289 2955 Ibi

137 3001 236 3066 etiam
267 3021 357 3085 paene
392 3001 430 3070 ad
461 3023 588 3066 murum
621 3001 752 3066 suntin
775 2999 905 3064 ecclesia
938 3019 1046 3063 omnes
1069 2997 1162 3062 simul
1186 2995 1289 3061 sancti

135 3105 264 3192 patroni
287 3105 431 3170 custodes
454 3103 664 3172 Ulmensium.
699 3110 732 3170 et
761 3105 855 3170 beate
884 3103 975 3189 virgo
998 3103 1031 3167 in
1053 3103 1157 3168 medio
1180 3123 1289 3166 eorum

137 3217 227 3276 stans
243 3209 275 3274 in
293 3232 364 3275 arce
378 3210 545 3277 coemiterii
566 3231 663 3295 supra
678 3209 902 3295 poliandrium‚
926 3213 958 3274 et
973 3212 1064 3273 extra
1079 3205 1289 3273 coemiterium

139 3316 172 3381 in
197 3315 318 3400 capella
342 3316 509 3382 coemiterii
524 3339 699 3401 pauperum
723 3316 761 3381 de
783 3313 937 3400 hospitali
959 3314 1056 3379 etiam
1078 3311 1240 3378 miraculis
1256 3331 1290 3376 se

138 3421 248 3486 adesse
270 3421 467 3487 demonstrat
489 3419 695 3488 Ulmensibns
729 3419 885 3507 praesidio.
932 3418 976 3485 Et
1007 3439 1104 3504 supra
1125 3417 1159 3482 in
1182 3421 1290 3483 monte

136 3531 251 3593 contra
267 3526 459 3593 occidentem
481 3527 597 3593 residet
612 3527 791 3613 speculator
807 3529 935 3591 sanctus
951 3523 1089 3589 Michael
1100 3522 1123 3603 ⁸,
1146 3522 1187 3588 ab
1203 3521 1290 3587 omni

704 3679 722 3720 *

209 3783 222 3836 1
241 3779 371 3852 proprius
394 3777 476 3834 Wibl.
514 3777 693 3836 Suechhofen
714 3781 787 3835 Mon.
810 3780 831 3834 1.
851 3777 932 3835 Gold.
952 3780 992 3832 ut.
1046 3775 1244 3832 2Phu1M0n.
1267 3777 1290 3833 l.

140 3865 328 3923 Pfuch1bl.
364 3864 430 3920 Pful
449 3863 530 3922 Gold.
549 3871 590 3920 ut
626 3865 708 3923 Pfuol
728 3863 788 3920 Sch.
810 3865 852 3920 lli.
872 3863 999 3920 Schmidt
1083 3862 1291 3918 3mauseolum

141 3955 203 4011 Sch.
225 3953 266 4011 Kl.
286 3953 373 4009 Wibl.
392 3953 512 4010 Schmid.
566 3953 733 4024 ltalflngen
747 3953 819 4010 Mon.
836 3954 858 4009 1.
876 3952 937 4008 Sch.
951 3951 1038 4006 Wibl.
1049 3949 1170 4006 Schmid.
1206 3949 1291 4004 Thal·

141 4045 237 4114 fingen
256 4041 299 4096 Rl.
321 4041 401 4098 Gold.
421 4043 461 4096 nt.
555 4043 570 4096 5
590 4041 704 4098 Georina
723 4041 797 4097 Mon.
817 4041 839 4095 1.
929 4041 945 4095 6
964 4039 990 4095 S.
1010 4037 1292 4109 Leonhardslrapelle‚

141 4149 215 4202 gans
245 4129 319 4185 nahe
346 4129 390 4184 hei
417 4127 467 4184 der
498 4129 576 4184 stadt
599 4129 678 4192 Uim,
709 4147 756 4184 am
784 4127 936 4183 kirchhoie.
981 4127 1040 4182 Ani
1064 4125 1221 4180 demselben
1247 4125 1293 4180 die

138 4218 235 4273 kircha
253 4235 287 4272 an
306 4233 365 4272 uns.
384 4216 476 4272 lieben
495 4218 566 4282 iren,
586 4217 644 4272 und
662 4217 707 4272 die
720 4215 1025 4285 Allerheiligenhirohe.
1090 4211 1292 4282 'icompeditus

140 4305 283 4377 gefesselt.
303 4304 396 4359 Plaut.
433 4301 496 4359 eso
507 4303 570 4359 alle.
607 4307 623 4360 9
638 4303 704 4359 Haec
716 4303 802 4358 turris
821 4301 912 4358 sancti
924 4299 1068 4358 Michaelis
1087 4303 1224 4355 renovata
1236 4299 1292 4353 fuit

140 4411 216 4449 anno
233 4393 298 4449 1593
310 4407 403 4447 mense
412 4391 542 4460 Augusto
554 4409 571 4445 a
585 4389 737 4462 Praeposito
750 4388 903 4459 Wingensi
912 4387 991 4458 jussu
1003 4390 1032 4444 et
1043 4403 1177 4444 consensu
1190 4386 1291 4456 inclyti

141 4483 255 4538 senatus
274 4478 423 4534 Ulmensis.
458 4475 605 4549 Wibung„
623 4477 778 4545 randnot03
797 4493 869 4549 ganz
888 4475 988 4532 ebenso
1007 4474 1128 4531 Schmid.
1148 4474 1205 4531 und
1224 4473 1274 4532 nh.
