3034 4922
289 535 425 602 (tamisia
445 557 517 601 cum
540 537 656 616 tuniea,
678 540 710 602 et
732 559 828 620 supra
850 537 1018 622 tegebatur

288 641 449 728 Religioso
471 642 580 726 pallio,
603 664 758 728 suumque
780 641 946 707 velabatur

288 744 391 831 Caput
413 746 483 811 velo
506 747 656 824 eandid03
681 747 734 812 sed
758 746 879 831 proprii
901 745 1014 812 eoloris

211 869 263 907 σιω
288 849 405 916 Omnes
427 850 494 916 eius
516 855 617 916 vestes
640 855 731 916 erant
754 855 786 916 et
808 850 907 916 debiti
930 852 1059 918 decoris.

288 955 409 1022 Cuncta
430 979 489 1022 sua
511 957 700 1021 vestimenta
723 977 886 1041 nunquam
908 960 984 1022 sunt
1005 959 1124 1026 adtrita

288 1059 365 1126 Post
387 1083 551 1126 ascensum
573 1060 642 1141 filii,
665 1061 718 1126 sed
742 1065 926 1126 manserunt
947 1061 1003 1141 ita,

287 1166 375 1232 Sicut
396 1189 434 1232 ea
455 1167 560 1232 induit
582 1167 617 1231 in
640 1165 743 1252 prima
761 1166 913 1246 novitate,
934 1219 937 1226 .

287 1272 330 1337 Et
353 1294 552 1358 nequaquam
573 1271 640 1338 ulla
662 1275 737 1336 sunt
758 1276 945 1355 consumpta
967 1277 1132 1340 vetustate.
1152 1253 1159 1272 l

283 1589 336 1663 De
363 1589 523 1662 caritate
552 1592 590 1662 et
618 1587 788 1661 bonitate
816 1587 970 1683 virginis
997 1591 1126 1666 Maria.

213 1817 265 1856 aas
290 1796 388 1864 Plena
409 1797 473 1862 fuit
494 1796 626 1862 caritate
649 1818 746 1882 quam
768 1796 915 1863 omnibus
937 1799 1100 1884 impendit,

287 1903 388 1968 Pront
408 1903 478 1987 ipsa
500 1902 605 1987 potuit
627 1923 663 1966 ae
685 1902 818 1966 dulciter
840 1903 986 1968 ostendit.

290 2005 380 2072 Girea
403 2006 572 2072 tribulatos
594 2009 664 2070 erat
684 2005 822 2070 multum
845 2007 1049 2090 compassiva,

288 2111 346 2178 Pia
367 2113 450 2178 eirea
471 2133 627 2197 pauperos
649 2113 681 2176 et
703 2109 880 2177 caritativa.

290 2216 399 2282 Dulcis
422 2238 548 2302 quoque
570 2215 763 2282 consolatrix
786 2215 848 2279 luit
872 2215 1074 2300 afflictorum,

213 2339 263 2379 Μ
289 2323 333 2388 lit
355 2321 539 2388 auxiliatrix
561 2325 629 2386 erat
652 2321 791 2408 benigna
811 2320 1009 2387 miserorum.

289 2426 443 2493 Omnibus
465 2426 634 2492 amabilem
656 2449 689 2492 se
710 2426 822 2490 mitem
844 2430 876 2490 et
898 2426 1043 2494 devotam

288 2533 332 2598 Et
353 2532 591 2624 desiderabilem
614 2529 785 2597 exhibebat
809 2536 921 2597 totam.

289 2635 374 2704 Nam
396 2637 460 2702 fnit
482 2636 666 2714 amicabilis,
690 2636 790 2702 duleis
813 2641 845 2701 et
868 2637 1014 2722 benigna,

288 2741 394 2828 Atque
414 2741 602 2808 venerabilis
624 2746 656 2808 et
679 2741 765 2807 omni
787 2741 879 2807 laude
901 2742 1019 2828 digna3

215 2865 263 2904 πω
289 2847 438 2927 Humilis,
461 2845 609 2925 affabilis,
633 2845 780 2930 prudens,
804 2845 988 2926 verecunda,

289 2951 419 3032 Hilaris,
443 2949 630 3030 tractabilis,
653 2949 716 3035 pia,
739 2953 845 3016 mente
865 2952 1003 3031 munda3
1095 2994 1098 3002 ·

289 3057 420 3143 Sapiens
443 3061 475 3122 et
497 3057 621 3141 patiens
644 3055 707 3120 fuit
729 3059 762 3120 et
783 3055 907 3139 pudiea,

289 3160 326 3227 ln
347 3161 441 3227 bonis
462 3161 555 3226 factis
579 3160 726 3226 omnibus
750 3159 931 3226 hominibus
953 3162 1064 3226 amica

289 3265 443 3333 Omnibus
465 3266 647 3332 hominibus
670 3265 815 3332 exhibuit
837 3265 1000 3346 honorem,

217 3389 264 3428 Μ
289 3371 417 3438 Gunetis
440 3395 562 3456 semper
584 3375 735 3456 reputans
758 3393 790 3436 se
812 3371 1004 3437 inferiorem.

140 3681 211 3755 Ubi
235 3683 350 3760 Maria
379 3687 484 3781 virgo
511 3688 694 3762 manserit
720 3694 806 3783 pest
832 3689 1085 3764 ascensionem
1114 3691 1179 3764 filii
1207 3692 1276 3765 sui.

289 3891 409 3958 Mansit
429 3892 463 3958 in
485 3889 663 3958 Jerusalem
685 3893 845 3978 aliquibus
867 3894 959 3959 annis

287 3997 363 4064 Jesu
386 4001 497 4078 mater,
520 3998 554 4062 in
577 3998 670 4063 domo
693 3997 835 4084 theologi
858 3997 1025 4064 Johannis.

288 4101 451 4170 lohannes
472 4102 673 4170 devotissime
695 4103 757 4168 sibi
779 4102 983 4184 ministravit,

289 4207 390 4294 Eique
411 4207 587 4275 necessaria
609 4213 724 4274 cuneta
746 4209 946 4294 procuravit3

218 4329 265 4368 *Μ
291 4311 349 4380 Sed
370 4319 444 4400 post
465 4318 601 4380 mortem
623 4313 779 4398 Stephani
800 4335 871 4378 eum
894 4315 1121 4400 discipulorum

290 4415 349 4482 Est
370 4417 456 4484 laeta
477 4417 652 4504 persecutio
675 4422 708 4482 et
730 4417 872 4482 omnium
894 4440 1004 4486 eorum
