2996 4924
782 317 826 390 bt

394 490 594 558 Dissolutum
616 494 649 558 et
670 512 836 558 excussum
857 490 958 560 risum
979 512 1037 560 neo
1057 491 1207 574 habebat,

393 597 438 662 llt
459 597 493 662 in
516 618 554 662 ea
574 595 688 664 levitas
709 618 875 682 nunquam
896 596 1088 682 apparebatr

329 721 369 760 em
394 701 570 788 Nunquam
591 702 677 768 enim
699 701 828 768 admisit
850 700 933 766 hanc
955 700 1144 770 facilitatem

393 807 499 888 Risus,
521 809 584 876 nisi
606 809 724 876 laceret
746 809 787 874 ob
809 808 1066 876 conformitatem

394 913 552 996 Aliorum,
575 914 626 980 rel
648 915 793 982 debono
815 915 964 1000 cuiquam
986 915 1212 1000 congaudendo

394 1018 550 1086 Omnibus
574 1020 734 1088 affabilem
756 1024 789 1088 et
810 1020 921 1086 mitem
943 1042 976 1086 se
998 1020 1165 1088 reddendo.

393 1125 546 1192 Ettamen
569 1125 608 1192 de
629 1126 713 1192 bono
735 1125 820 1192 facto
842 1125 969 1212 quando
991 1126 1019 1192 si
1041 1126 1175 1206 ridebat,
1301 1189 1304 1198 ,

328 1249 367 1288 uo
394 1227 438 1296 Os
460 1231 528 1296 eius
550 1229 772 1296 iucundissime
794 1251 866 1296 cum
887 1230 987 1296 oculis
1009 1231 1154 1306 tenebat;

393 1336 485 1432 Quod
508 1336 572 1402 fuit
594 1337 779 1404 delectabile
801 1337 897 1402 nimis
919 1336 959 1402 ad
981 1336 1151 1402 ridendum

393 1441 439 1506 Et
460 1440 525 1508 luit
545 1443 724 1510 enarrabile
746 1443 868 1508 cunctis
890 1442 931 1508 ad
952 1442 1129 1508 dicendum.

393 1545 489 1612 Jocos
511 1551 544 1614 et
565 1548 739 1614 derisiones
760 1547 896 1614 nimium
918 1548 1043 1628 vitavit,

395 1651 426 1717 A
448 1654 570 1720 cunctis
593 1654 777 1720 levitatibus
799 1675 922 1739 semper
943 1653 1005 1720 sibi
1027 1654 1112 1720 cavit

329 1775 369 1814 ue
394 1755 542 1842 Corporis
563 1760 754 1826 munditiam
772 1763 805 1826 et
826 1759 929 1828 cordis
951 1759 1141 1838 castitatem,

392 1860 509 1929 Mentis
531 1865 719 1950 pudicitiam
742 1869 774 1932 et
794 1887 920 1932 morum
941 1865 1149 1932 honestatem.

393 1966 489 2034 Risus
511 1972 578 2036 eine
600 1971 764 2038 redolebat
784 1976 895 2038 sancto
916 1991 989 2036 omn
1010 1971 1131 2056 pudore

392 2073 438 2140 llt
458 2075 600 2142 cantatis
623 2077 760 2162 proximi
780 2099 903 2163 semper
924 2098 996 2142 oum
1018 2096 1134 2142 amore.

192 2383 197 2394 “
236 2385 342 2472 Quod
361 2387 482 2462 Maria
506 2389 613 2484 virgo
639 2411 785 2484 semper
811 2389 1035 2464 intendebat
1061 2391 1168 2465 bonis
1196 2390 1386 2486 operibus

392 2594 567 2683 Nunquam
589 2598 692 2666 otiosa
712 2598 775 2664 fuit
796 2599 855 2666 heo
876 2599 1057 2686 virgatam
1078 2600 1181 2680 beate,

327 2719 365 2759 ⁸2⁰
392 2701 452 2769 Sed
474 2725 596 2789 semper
617 2704 652 2770 iu
674 2705 822 2790 operibus
844 2705 937 2772 bonis
959 2709 1130 2792 occupatu

391 2807 459 2874 Aut
479 2811 563 2878 circa
583 2810 795 2878 ministerim
818 2811 929 2880 altaris
950 2812 1126 2897 satagebat

390 2912 460 2978 Aut
480 2915 514 2980 in
536 2915 655 3000 templo
677 2916 797 2984 domini
819 2916 931 2984 devote
952 2917 1119 2996 serviebat,

390 3017 463 3086 Sive
484 3043 556 3086 cum
578 3022 744 3092 devotione
765 3023 897 3107 spiritus
918 3023 1041 3103 orabat,

393 3125 460 3190 Aut
482 3126 677 3211 psalmorum
698 3127 823 3194 cantica
843 3126 953 3214 legens
975 3127 1166 3206 ruminabat,

326 3244 365 3282 ω
390 3225 579 3316 Secretaque
601 3229 729 3298 celestia
751 3231 802 3298 rel
823 3233 1106 3318 contemplabatur,

391 3331 453 3400 Vel
474 3335 508 3399 iu
530 3335 718 3402 iubilatione
740 3336 957 3404 deliciabatur.

390 3437 459 3504 Aut
480 3461 552 3506 oum
574 3441 640 3508 auis
661 3441 807 3509 sociabus
830 3441 888 3507 hoo
908 3442 1132 3508 consolabatur

389 3543 535 3630 Loquens
557 3545 596 3614 de
617 3547 784 3631 scripturis
805 3547 933 3628 sanctis,
956 3549 1004 3614 rel
1029 3547 1221 3634 operabatur

389 3647 545 3714 Manuum
567 3649 731 3716 laboribus
753 3673 825 3717 cum
846 3653 924 3738 ipsis
947 3653 1132 3733 insistendo,

324 3769 363 3808 ⁸³⁰
390 3752 438 3818 Ao
460 3755 525 3820 suis
547 3756 707 3841 obsequiis
729 3755 788 3822 has
810 3759 1037 3842 prevenieud03

389 3857 459 3926 Aut
479 3863 661 3926 sanctorum
683 3865 811 3946 patrum
833 3863 931 3930 libros
954 3863 1100 3930 sollerter
1121 3863 1284 3949 relegebat

389 3963 434 4029 Idt
455 3965 489 4029 in
511 3964 562 4031 hie
585 3969 622 4030 ut
643 3967 750 4051 potuit
770 3969 928 4034 meditans
950 3969 1107 4047 studebat,

389 4067 526 4155 Byssum
548 4071 614 4138 sire
635 4094 812 4157 purpuram
834 4074 937 4140 texuit
958 4073 1009 4140 vel
1030 4074 1128 4155 nevit,

388 4172 457 4242 Nec
478 4198 544 4242 non
566 4176 734 4264 auribigia
756 4177 860 4246 facere
882 4179 1064 4264 consuerit3

301 4399 354 4455 808
371 4399 396 4455 G
415 4401 587 4459 Hominibus.
796 4323 816 4364 ⁴¹
