3080 4938
677 375 718 440 73

122 549 300 636 plumbum,
324 550 371 615 ita
386 550 596 616 sacerdotium
618 572 712 634 super
727 549 872 616 diadema
893 553 1018 638 regium
1041 551 1091 638 (ut
1105 555 1148 618 96
1169 553 1233 638 dig.
1251 555 1272 619 3

120 657 240 722 talibus
256 657 413 722 institutis
429 707 437 722 .
454 706 462 722 .
480 657 502 743 .)
522 657 547 722 ¹:
571 657 653 722 sicut
669 677 746 742 ergo
761 656 934 740 imperator
956 658 1067 724 tibicat
1086 657 1215 743 Papam,
1239 665 1271 726 et

93 843 94 847 Ἰ
120 785 137 828 e
160 762 320 827 contrario
343 762 393 847 (ut
407 763 524 828 ibidem
548 763 650 849 diga
673 761 711 826 de
734 761 861 826 domino
884 766 960 828 eunt
1062 763 1145 828 unde
1168 764 1208 829 97
1233 765 1272 830 de

123 867 261 932 eeclesiae
275 865 299 947 ²,
322 867 378 932 ubi
400 865 584 934 Bonifacius
606 888 690 952 papa
712 865 825 930 tibizat
847 865 1026 933 Honorium
1048 868 1270 953 imperatorem

121 977 155 1038 et
176 971 260 1038 idem
283 972 455 1057 imperator
477 972 590 1038 tibinat
610 969 812 1038 Bonifacium
835 966 980 1058 papam,
1001 978 1131 1059 proptor
1159 974 1270 1060 singu·

120 1077 222 1142 larem
244 1075 500 1163 connexionem),
533 1079 578 1142 sic
600 1078 678 1142 civis
701 1077 813 1144 tibizat
844 1077 984 1144 nobilem
1005 1083 1037 1144 et
1060 1079 1268 1145 econtrario.

120 1181 182 1249 Sed
205 1182 266 1248 hoc
289 1205 353 1247 non
376 1183 470 1248 debet
492 1183 561 1248 lieri
590 1181 783 1266 generaliter
806 1183 847 1248 ab
870 1184 1033 1263 omnibns,
1068 1183 1121 1249 sed
1144 1187 1270 1250 tontum

119 1289 162 1354 ab
185 1287 324 1374 antiquae
346 1287 511 1354 civilitatis
533 1273 742 1373 ingenuitate.

185 1393 305 1472 Quinto
313 1394 395 1460 cives
403 1393 606 1458 suntnobilee
614 1393 1039 1479 qniavenationibusvacent
1047 1395 1153 1480 eisque
1162 1396 1270 1460 veneri

120 1499 206 1578 licet,
230 1497 345 1584 quibua
359 1503 464 1564 autem
480 1498 523 1564 eit
537 1519 683 1564 concessa
693 1499 819 1564 venatio
827 1499 946 1586 legitur
957 1504 990 1565 et
998 1503 1129 1565 notetur
1139 1500 1181 1565 86
1203 1500 1267 1586 dig.

116 1603 333 1690 quivenatori,
345 1606 377 1669 et
388 1603 461 1669 cde
476 1604 746 1670 vanatioucfcrar.
757 1605 776 1670 l.
787 1605 826 1669 11
841 1609 863 1670 t.
877 1603 1055 1692 123,[cod.
1067 1604 1122 1670 lib.
1149 1605 1199 1686 ll,
1215 1605 1266 1671 tit.

116 1706 177 1794 44]
187 1707 211 1788 ⁸,
222 1712 255 1774 ct
263 1708 387 1792 copioee
396 1731 452 1793 per
459 1709 641 1774 summistae
656 1709 694 1774 de
704 1709 888 1776 clericorum
904 1709 1134 1776 renationolb
1156 1709 1231 1776 c24
1244 1706 1267 1776 ⁴.

206 1810 301 1878 Sexto
325 1817 413 1897 patet
435 1815 552 1880 civium
574 1813 745 1893 nobilitas,
768 1815 843 1900 quie
866 1839 904 1881 cx
927 1839 1036 1882 eorum
1058 1816 1177 1882 semine
1198 1816 1267 1882 nati

117 1919 347 1986 torneamentis
370 1919 547 1999 intersunt,
579 1921 617 1986 dc
649 1941 758 1986 eornm
780 1919 908 1986 filiabus
933 1922 981 1987 vel
1004 1920 1165 1986 sororibus
1187 1921 1265 2002 nati,

116 2046 189 2110 quae
213 2029 430 2090 torneamenta
453 2025 556 2091 cribra
579 2031 654 2092 sunt
669 2025 835 2106 nobilium,
858 2048 914 2112 per
929 2048 1000 2113 quae
1015 2027 1114 2092 scitur
1132 2027 1187 2111 qui
1201 2026 1267 2092 aiut

115 2130 187 2194 aine
209 2129 281 2196 labe
304 2131 370 2196 veri
393 2131 533 2210 nobiles,
557 2137 589 2196 et
615 2131 696 2196 nulli
718 2133 873 2216 parcitur,
909 2155 927 2197 a
950 2131 1109 2197 nobilibus
1132 2131 1267 2216 privatis

115 2257 220 2320 usque
242 2257 376 2300 curcum.
420 2233 506 2302 Nam
529 2241 749 2302 torneamenta
783 2239 833 2320 (ut
860 2237 979 2324 legitur
1008 2241 1041 2302 ct
1070 2241 1202 2302 notatur
1232 2238 1266 2302 iu

115 2341 138 2406 l.
167 2341 206 2404 18
229 2341 347 2406 bestias
370 2391 377 2405 .
404 2389 411 2406 .
436 2340 510 2428 Dig.
534 2341 571 2406 de
594 2340 722 2426 poetul,
746 2341 796 2408 tit
823 2341 892 2424 1⁵),
915 2347 991 2408 cunt
1006 2341 1155 2406 nundinae
1179 2363 1265 2428 quoe·

114 2448 192 2512 dam
214 2445 280 2510 sive
302 2445 397 2524 famae,
420 2446 453 2510 in
477 2445 592 2532 quibus
614 2445 737 2512 nobiles
758 2446 875 2514 milites
898 2451 930 2513 et
952 2445 1106 2518 militares
1129 2469 1168 2512 ex
1190 2469 1265 2514 con·

113 2552 212 2628 dioto,
236 2555 268 2616 et
289 2551 391 2618 edicto
414 2551 592 2636 principum
614 2551 759 2630 decreto,
792 2557 879 2618 certo
912 2551 982 2618 loco
1013 2557 1046 2618 et
1067 2557 1209 2638 tempore
1230 2552 1265 2618 in

109 2679 223 2736 unum,
246 2655 279 2719 in
305 2655 422 2741 equino
444 2656 494 2722 vel
517 2655 654 2722 mirica‘
676 2660 733 2722 aut
755 2661 841 2723 terra
856 2657 952 2742 plana
967 2657 1112 2724 trabibus
1128 2658 1264 2724 circnm-

681 2789 697 2827 ἡ
810 2777 815 2786 .

191 2885 203 2938 1
225 2885 258 2937 ut
274 2883 309 2938 36
327 2883 353 2938 d.
374 2901 400 2953 p.
420 2883 526 2939 talibus
543 2883 683 2940 institutio
704 2883 777 2941 Mon.
797 2885 821 2941 2.
869 2886 900 2940 vt
918 2885 952 2940 96
970 2883 1007 2939 di.
1027 2885 1044 2938 3
1062 2883 1168 2940 talibus
1186 2883 1265 2939 inati-

115 2971 190 3028 tutia
207 2970 292 3026 Wnll.
329 2974 361 3026 vt
381 2973 415 3028 96
433 2972 470 3026 di.
490 2975 507 3028 3
525 2972 632 3028 talibua
650 2972 790 3028 inclitutic
808 2971 907 3029 Schad.
927 2971 971 3026 Kl.
1013 2974 1045 3026 vt
1061 2970 1097 3028 98
1115 2971 1179 3027 diet.
1198 2975 1216 3030 8
1235 2973 1264 3028 (l.

111 3058 222 3114 talibus
240 3058 379 3113 institutio
402 3059 486 3116 Wibl.
506 3058 627 3115 Schmid.
664 3061 735 3117 Gelu.
753 3063 784 3115 ot
803 3060 874 3115 Bene.
893 3060 985 3115 baben
1004 3059 1065 3115 eine
1083 3059 1173 3116 ldclre.
1245 3062 1262 3115 2

116 3149 151 3202 ut
169 3145 274 3201 ibidem
293 3145 316 3200 ff
332 3147 366 3202 de
384 3147 439 3203 duo
457 3151 491 3203 rt.
511 3149 584 3204 tlon.
603 3149 628 3202 2.
665 3150 697 3202 vt
714 3146 818 3202 ibidem
837 3145 864 3200 d.
883 3149 899 3200 3
917 3145 952 3201 do
970 3144 1025 3202 duo
1042 3145 1178 3218 (domino)
1195 3151 1263 3203 aunt

114 3233 203 3290 Woll.
240 3235 272 3288 vt
290 3231 394 3289 ibidem
413 3235 449 3290 di.
469 3238 486 3290 3
504 3235 539 3291 de
557 3235 612 3292 duo
630 3237 696 3290 eunt
716 3280 721 3289 .
740 3277 746 3290 .
767 3276 773 3290 .
792 3231 891 3288 Schad.
911 3233 954 3289 lll.
992 3235 1024 3287 vt
1041 3232 1145 3289 ibidem
1162 3235 1227 3291 diat.
1245 3237 1262 3292 8

108 3323 147 3378 de
166 3321 221 3378 duo
239 3323 305 3377 eunt
325 3365 329 3376 .
351 3365 356 3377 .
376 3365 382 3378 .
403 3323 488 3379 Wibl.
508 3321 628 3379 Schmid.
665 3321 732 3380 Golr.
755 3321 827 3376 Bere.
846 3320 939 3376 haben
958 3319 1092 3375 biereine
1104 3319 1197 3377 lecke:
1228 3325 1261 3379 nt

109 3408 173 3466 ibid
193 3451 199 3464 .
219 3449 226 3464 .
246 3449 252 3462 .
271 3409 393 3464 eccleciae
411 3409 492 3466 fehlt.
530 3411 603 3466 vnde
621 3411 653 3465 97
673 3409 738 3464 diat.
757 3427 779 3464 c
798 3407 919 3464 eccleciae
937 3407 1023 3463 Wibl.
1043 3407 1133 3463 Schm.
1192 3410 1262 3468 383

111 3496 156 3552 Di.
178 3495 279 3550 Omnia
303 3499 420 3554 venator
444 3497 528 3554 Woll.
577 3499 611 3554 86
638 3497 676 3552 di.
694 3497 743 3567 qui
761 3496 890 3554 venatori
909 3496 1025 3552 Mona
1073 3495 1108 3552 86
1134 3495 1171 3551 di.
1195 3498 1263 3567 qnia

109 3583 241 3640 venatori
261 3581 360 3638 Schad.
381 3583 424 3640 lll.
460 3585 494 3640 86
513 3585 578 3640 diet.
597 3603 618 3640 c.
637 3583 704 3656 quie
724 3583 852 3640 venatori
871 3583 958 3638 Wibl.
977 3583 1098 3640 Schmid.
1141 3587 1171 3639 et
1189 3586 1207 3638 l.
1228 3587 1259 3640 11
1339 3614 1341 3620 1

115 3673 137 3728 l.
159 3671 172 3726 1
192 3673 208 3726 2
227 3671 244 3726 3
262 3688 283 3726 c
302 3669 336 3726 do
353 3675 446 3728 venat.
465 3672 526 3729 lero
544 3673 642 3730 Schad.
662 3672 705 3728 Ill.
742 3669 1263 3731 ecn.1r1213edevenac.r0ra

111 3755 201 3811 Wibl.
215 3757 348 3824 Schmid;
367 3758 435 3816 cor.
449 3760 507 3814 und
521 3760 592 3816 Reae.
606 3759 699 3816 haben
711 3759 773 3815 eine
786 3757 873 3814 ldclro.
928 3761 946 3813 4
964 3758 998 3814 do
1010 3758 1099 3815 cleric.
1113 3759 1262 3817 venatione

108 3845 131 3900 l.
150 3847 167 3899 5
185 3847 207 3901 t.
226 3845 258 3900 24
280 3845 353 3901 Boea.
388 3843 426 3902 Et
444 3847 551 3918 copiose
568 3864 685 3918 peneum
705 3847 740 3902 de
758 3845 808 3901 ele.
828 3861 910 3902 vena.
928 3845 1013 3902 Woll.
1086 3843 1195 3901 ende
1212 3864 1262 3917 po·

110 3933 180 3988 atel.
199 3933 216 3986 l.
237 3935 250 3988 l
270 3937 285 4001 β
304 3932 408 3988 bestiae
428 3935 500 3990 tlon.
520 3937 543 3990 1.
581 3935 612 3990 D.
631 3934 666 3990 de
683 3943 767 4005 pactu
787 3933 804 3988 l.
826 3933 858 3988 13
876 3931 981 3988 bestiae
999 3932 1084 3990 Woll.
1120 3933 1151 3988 in
1168 3933 1187 3990 1.
1201 3933 1260 3990 boe·

76 4011 81 4022 ’
110 4020 170 4076 tion
193 4021 225 4076 13
243 4019 276 4077 D.
295 4020 330 4076 de
348 4021 448 4090 postul.
468 4022 554 4076 Wibl.
573 4019 685 4077 Schmid
737 4021 755 4075 l.
776 4021 809 4076 13
827 4019 931 4074 boetica
949 4019 972 4074 ff
987 4019 1021 4076 de
1039 4021 1141 4092 poctnl.
1160 4019 1261 4078 Sebad.

112 4109 158 4164 lll.
195 4107 220 4163 ff
236 4109 271 4164 de
288 4110 381 4180 poctul
397 4109 555 4180 ..llllclrel
574 4109 634 4166 Golr
652 4113 681 4164 et
694 4107 780 4172 Beea.;
800 4106 889 4162 diener
901 4110 973 4164 cetat
985 4108 1084 4164 hinnu:
1104 4109 1136 4180 [e.
1158 4109 1171 4162 1
1191 4117 1261 4164 extr.

109 4195 358 4266 detornaament]
425 4197 489 4252 tin
502 4195 609 4266 equirio
621 4195 665 4250 vel
678 4195 777 4250 mirica
790 4195 862 4252 Mon.
875 4196 899 4248 2.
936 4195 965 4248 in
977 4195 1085 4264 equiria
1095 4195 1139 4252 vel
1154 4195 1261 4252 murico

109 4285 173 4340 Scb.
188 4283 231 4338 lll.
251 4283 281 4338 in
295 4283 404 4354 equiria
421 4283 466 4338 vel
485 4285 577 4338 muria
590 4283 689 4348 Woll.;
707 4283 737 4336 in
750 4281 856 4352 equirio
869 4281 912 4336 vel
932 4321 939 4336 .
960 4322 966 4334 .
985 4321 991 4334 .
1010 4279 1091 4346 Besa,
1110 4281 1140 4336 in
1154 4281 1260 4352 aquirio

109 4377 163 4428 ant
181 4374 259 4427 terra
279 4371 368 4440 plana
381 4369 449 4426 Gok.
486 4369 537 4425 Die
555 4371 661 4426 andern
680 4370 772 4426 beben
784 4369 814 4424 in
837 4367 971 4423 nnumin
992 4370 1069 4424 terra
1086 4369 1182 4440 plana
1204 4369 1259 4424 und

109 4461 203 4515 lamen
223 4458 270 4516 die
288 4457 470 4531 rcbwierigcu
488 4462 589 4514 wdrter
607 4458 719 4514 einfaob
738 4475 806 4529 weg.
844 4455 982 4528 Quinum
1000 4478 1036 4506 ==
1054 4457 1190 4527 equestria
1207 4475 1259 4530 pa·
