2996 4924
673 355 715 423 69

220 630 273 708 De
298 633 413 728 signis
440 593 513 730 que
541 634 680 708 fiebant
706 604 746 710 in
773 639 1017 714 nativitatem
1045 641 1195 717 Christi.

285 841 360 908 Mox
382 847 419 908 ut
441 843 534 910 Jesus
556 848 650 910 natus
673 851 722 911 est
743 847 782 912 de
804 847 929 934 virgine
950 849 1057 934 puella

208 965 259 1004 ιω
286 947 445 1032 Apparuit
467 950 500 1013 in
523 971 594 1014 aere
616 951 751 1035 quedam
772 974 856 1017 nova
877 953 989 1031 stella3

158 1081 165 1098 ·
284 1053 387 1118 Maior
410 1058 506 1138 atque
527 1053 642 1120 clarior
664 1056 722 1121 hec
743 1057 837 1122 stella
859 1059 1014 1124 rutilabat

285 1157 404 1223 Ceteris
426 1159 590 1239 sideribus,
614 1183 671 1226 neo
692 1166 799 1228 tamen
820 1163 891 1248 ipsa
913 1163 1020 1228 stabat

282 1262 360 1328 Cum
383 1263 512 1349 reliquis
534 1265 689 1330 sideribus
711 1266 745 1330 in
766 1267 825 1331 celi
849 1265 1059 1345 firmamento,

285 1367 344 1434 Sed
366 1368 450 1433 hesit
472 1369 530 1434 hec
552 1369 585 1433 in
609 1393 680 1435 aere
702 1372 770 1436 sine
791 1376 1043 1438 sustentamento

207 1492 256 1530 nro
283 1471 385 1558 Supra
407 1475 535 1538 domum
558 1475 614 1538 nbi
636 1473 780 1540 Christus
803 1481 852 1541 est
874 1481 977 1557 natus,
1001 1477 1171 1558 ferebatur,

283 1579 326 1645 Et
349 1601 405 1663 per
426 1584 529 1644 toturn
554 1581 706 1646 mundum
728 1581 875 1665 splendor
898 1581 964 1646 eius
987 1583 1164 1649 videbatur.

281 1683 318 1749 In
341 1683 398 1750 illa
420 1690 513 1750 nocte
535 1689 677 1769 pastores
699 1687 732 1750 in
755 1703 866 1770 campo
891 1686 1069 1771 vigilabant

282 1790 330 1856 Ao
351 1813 443 1856 suum
467 1791 500 1854 in
523 1791 646 1875 pascuis
669 1813 800 1877 gregem
823 1792 1045 1857 observabant.

282 1893 395 1960 Subito
417 1897 455 1960 de
476 1895 544 1960 celo
566 1896 621 1960 lux
644 1897 784 1961 maxima
807 1895 944 1976 refulsit,

206 2019 256 2058 1⁸⁷⁶
282 2001 326 2066 Et
348 2005 490 2084 pastores
513 1999 586 2065 illos
609 2001 757 2084 splendor
778 2023 914 2086 magnus
937 2002 1166 2081 circumfulsit;

281 2104 381 2170 Juxta
403 2127 482 2190 quos
504 2109 581 2170 tuno
603 2107 734 2193 angelus
756 2106 864 2171 stabat
887 2108 920 2171 in
942 2107 1117 2192 splendore,

281 2211 328 2276 De
350 2231 413 2294 quo
435 2210 496 2294 ipsi
518 2210 622 2276 territi
645 2215 720 2276 sunt
742 2212 841 2276 nimio
863 2212 986 2278 timore.

283 2317 331 2381 Ad
354 2339 406 2382 eos
429 2317 475 2381 ait
497 2317 646 2403 angelus:
674 2315 818 2383 »Timere
840 2339 896 2382 vos
918 2319 1029 2396 nolite,

280 2421 369 2496 Quod
392 2444 451 2509 ego
474 2422 564 2487 vobis
587 2423 710 2502 nuntio,
734 2423 870 2488 letanter
892 2423 952 2488 hoc
975 2422 1099 2488 audite:

202 2543 251 2582 ¹⁸⁸⁰
278 2525 469 2613 Evangelizo
491 2528 644 2613 gaudium
667 2528 757 2593 vobis
780 2533 812 2593 et
834 2530 918 2613 quod
941 2532 1054 2593 notum

279 2631 351 2695 Erit
372 2633 459 2696 omni
482 2633 599 2717 populo
622 2655 677 2716 per
699 2632 807 2698 orbern
830 2634 939 2698 mundi
962 2637 1075 2697 totum.

280 2733 338 2800 Est
360 2737 394 2800 in
416 2737 545 2801 civitate
567 2736 670 2801 David
692 2738 785 2802 modo
808 2737 899 2802 nobis
921 2741 1016 2802 natus

279 2837 434 2919 Salvator,
459 2842 513 2924 qui
535 2847 584 2906 est
605 2842 751 2906 dominus
774 2845 806 2906 et
827 2839 973 2907 Christus
996 2842 1183 2926 appellatus.

278 2943 449 3011 Invenietis
471 2969 604 3032 puerum
627 2947 740 3031 pannis
763 2947 951 3028 involutum,

202 3069 252 3107 ¹⁸⁸⁶
278 3049 315 3114 ln
337 3053 460 3136 presepi
483 3053 621 3136 positum
644 3053 684 3117 ab
707 3053 793 3118 omni
815 3053 914 3118 latere
936 3057 1052 3130 tutum,

278 3155 357 3221 (lum
379 3155 483 3222 Maria
505 3163 607 3223 matre
629 3181 704 3236 sua;
728 3159 789 3224 hoe
811 3160 853 3223 sit
876 3157 966 3222 vobis
988 3159 1124 3244 signum,

278 3259 397 3327 Natum
421 3263 488 3328 fore
511 3263 701 3328 salvatorem
724 3265 812 3329 omni
834 3265 926 3328 laude
949 3264 1112 3348 dignum«

277 3365 328 3431 Ad
350 3367 442 3432 illum
464 3369 552 3433 venit
574 3370 723 3455 angelum
747 3369 865 3434 ibidem
887 3391 1094 3452 supernorum

277 3471 446 3537 Celestium
468 3475 623 3539 exercitus
646 3479 677 3540 et
700 3479 786 3540 cetus
810 3475 996 3561 angelorum

201 3595 252 3634 ¹⁸0⁰
278 3577 380 3643 Deum
403 3579 659 3660 collaudantium,
683 3581 884 3665 dicentesque
906 3601 979 3644 curn
1001 3599 1055 3643 eo:

279 3675 410 3748 »Honor
432 3683 476 3748 sit
497 3687 529 3748 et
551 3684 654 3769 glon'a
676 3685 710 3748 in
733 3683 863 3750 excelsis
886 3684 954 3748 deo.

275 3786 312 3852 In
336 3793 422 3854 terra
444 3811 504 3873 pax
527 3789 710 3854 hominibus
733 3790 814 3854 hone
836 3787 1040 3854 voluntatis«

276 3893 327 3958 Sic
349 3894 389 3958 sd
411 3894 512 3958 celum
536 3895 743 3959 ascenderunt
765 3917 836 3959 cum
860 3894 953 3958 lande
973 3887 1111 3956 deitatis.

277 3995 421 4064 Pastores
445 3999 640 4064 adinvicem
664 4000 830 4064 dixerunt:
858 3997 1086 4063 »Transeamus

202 4119 251 4158 aaa
276 4101 314 4166 In
336 4103 496 4168 civitatem
523 4103 720 4182 Bethlehem,
744 4109 781 4168 ut
802 4103 848 4168 ibi
871 4103 1034 4168 videamus

276 4204 417 4274 Verbum
440 4207 500 4274 hoc
522 4209 607 4293 quod
629 4209 749 4274 factum
772 4213 820 4274 est
843 4213 875 4273 et
897 4207 991 4272 modo
1013 4205 1196 4271 nuntiatum

277 4310 377 4377 Nobis
400 4317 448 4378 est
469 4335 525 4398 per
549 4313 698 4398 angelum
720 4315 909 4378 salvatorem
933 4317 1074 4377 natum«

276 4415 446 4488 Venientes
469 4417 655 4486 Bethlehem
680 4419 825 4485 viderunt
847 4423 1064 4486 coruscantem
