3014 4926
669 305 730 380 149

283 478 389 568 Atque
410 505 514 552 meum
535 488 672 573 glorium
693 513 857 576 nunquam
879 496 916 558 tu
938 491 1090 560 videbis«

282 588 394 655 Petrus
416 591 477 656 sit:
503 593 566 658 »Et
587 617 651 660 non
674 596 778 662 solum
800 597 892 681 pedes
915 599 955 664 sd
977 599 1155 680 levandum,

204 709 256 749 ⁴³¹⁵
282 693 372 759 Dsbo
395 717 507 762 manus
530 701 626 783 utque
647 703 744 785 ceput
765 703 870 766 totum
892 701 932 766 sd
954 705 1165 788 oquendum«

281 797 373 865 Jesus
395 803 457 868 sit:
482 801 569 868 »Ism
591 827 646 870 vos
668 807 744 871 estis
767 829 823 892 per
844 830 959 893 uquam
981 811 1151 888 emundati,

281 901 396 972 Omnes
418 911 525 973 temen
547 909 662 994 spiritu
684 933 748 976 non
771 912 847 978 ostis
869 917 1068 1002 expurgati«

281 1007 349 1076 Hoc
370 1012 496 1078 dicebat
517 1019 646 1099 propter
668 1014 785 1095 Judsm
807 1018 892 1084 hunc
913 1021 969 1105 qui
990 1019 1166 1086 traditurus

278 1113 360 1186 urat
381 1117 487 1202 morti,
510 1119 595 1208 quod
617 1141 681 1188 non
703 1121 758 1187 ille
779 1123 862 1191 foret
884 1123 964 1192 bene
986 1147 1095 1212 purus.

243 1434 347 1521 Quod
374 1436 485 1514 Jesus
512 1461 646 1537 corpus
673 1465 782 1515 snum
810 1441 912 1516 dedit
938 1443 1140 1540 discipulis,

208 1663 259 1702 ⁴⁸²⁰
285 1645 379 1714 desus
400 1651 534 1734 sumptis
558 1651 697 1716 restibus
719 1651 835 1716 iterum
856 1651 981 1732 resedit,

281 1751 349 1819 Hec
370 1754 476 1820 dicens
499 1755 539 1820 ed
560 1755 730 1840 discipulos
750 1755 935 1822 mundatum
958 1755 1022 1824 telo
1044 1757 1151 1824 dedit:

287 1855 394 1924 »Siout
414 1859 478 1924 levi
501 1860 591 1926 vobis
613 1860 716 1946 pedes,
739 1861 786 1926 its
809 1883 864 1926 vos
886 1861 999 1927 levetis

281 1962 416 2030 Vostros
438 1965 531 2049 pedes
553 1965 687 2030 invicem
710 1969 742 2030 et
763 1969 875 2031 mutuo
896 1966 1017 2032 debetis

280 2066 424 2135 Servitiis
447 2069 576 2136 ulterius
599 2093 654 2136 vos
677 2071 855 2150 humiliare,

201 2189 253 2230 «Ν
279 2171 451 2241 Geritstem
475 2176 564 2241 vobis
587 2175 701 2241 mando
724 2179 868 2241 mutuam
890 2197 1045 2242 seruere«

278 2275 356 2346 Post
377 2279 438 2346 hoc
459 2303 573 2366 penem
594 2280 724 2347 sustulit
746 2303 839 2366 quem
860 2280 960 2368 fregit
982 2283 1177 2366 benedicens,

279 2383 436 2471 Deditqus
458 2386 620 2472 discipulis
642 2387 707 2453 suis
729 2387 777 2452 ite
798 2385 922 2452 diceris:

277 2487 430 2576 Accipite,
451 2491 605 2558 comedite
626 2491 696 2572 hoc,
719 2491 804 2577 quod
825 2492 974 2576 patietur,

279 2593 341 2661 Pro
362 2597 454 2663 robis
476 2619 581 2662 meum
602 2619 716 2682 corpus
738 2601 795 2676 est,
819 2596 931 2663 devote
952 2599 1189 2664 manducetur«

202 2716 253 2757 «Μ
278 2699 432 2768 Similiter
452 2702 487 2767 in
509 2701 604 2768 culice
626 2703 736 2768 vinum
758 2702 928 2783 benedixit,

279 2804 436 2891 Deditqus
457 2805 619 2891 discipulis
641 2805 706 2871 suis
729 2809 825 2890 utque
846 2806 945 2872 dixit:

279 2909 464 2978 ›Sumenter
484 2910 565 2976 illud
586 2910 695 2991 bibite,
719 2911 808 2976 vobis
830 2910 891 2976 hoc
912 2912 1053 2990 debetur,

278 3014 367 3081 Meus
388 3015 474 3081 euim
495 3016 626 3102 sanguis
648 3019 705 3095 est,
728 3037 786 3100 pro
808 3015 919 3080 multis
942 3016 997 3100 qui
1019 3015 1187 3094 fundetur;

280 3119 348 3186 Hoc
369 3121 453 3186 idem
474 3125 506 3187 st
529 3141 584 3185 vos
606 3119 700 3185 iecits
722 3123 795 3205 post
816 3141 918 3186 meem
940 3121 1118 3206 passionem

205 3243 254 3282 ⁴⁸⁸⁶
279 3225 482 3292 Peccatorum
505 3226 647 3292 omnium
669 3226 702 3290 in
725 3225 952 3306 remissionem,

278 3331 322 3396 Et
343 3353 400 3416 per
422 3331 501 3397 illud
523 3353 676 3398 memores
697 3333 759 3397 mei
783 3353 908 3417 quoque
930 3331 1010 3412 sitis,

277 3435 352 3503 Non
374 3435 458 3502 enim
480 3437 590 3502 bibam
612 3437 718 3502 enimc
740 3457 871 3522 germen
893 3437 987 3500 huius
1010 3435 1105 3514 vitis;

279 3541 386 3608 Donec
407 3563 467 3629 ego
488 3563 606 3607 novum
627 3540 708 3606 illud
730 3541 763 3605 in
786 3533 884 3626 legno
907 3539 1008 3626 petris
1030 3540 1092 3606 mci

279 3645 451 3713 Vobiscum
475 3647 581 3714 bibam
603 3648 729 3734 quando
752 3669 808 3712 vos
830 3668 901 3712 sum
922 3643 1086 3710 oblaturus
1108 3645 1167 3710 ei«

185 3959 283 4046 Quod
308 3963 420 4037 Jesus
446 3961 608 4059 predixit
635 3983 674 4035 se
701 3959 929 4036 tradendum
956 3983 1023 4056 per
1050 3959 1074 4033 J
1077 3961 1202 4034 udam.

204 4189 254 4228 Μ
279 4169 354 4237 Post
375 4170 433 4236 hec
455 4171 552 4238 verba
573 4169 688 4256 spiritu
710 4167 803 4235 Jssus
825 4169 1035 4234 conturbetur

280 4275 454 4362 Dicensque
476 4275 638 4361 discipulis
659 4275 693 4340 in
715 4297 748 4340 ss
771 4273 996 4340 contristetur:

283 4377 336 4451 »Iu
360 4379 418 4454 buc
441 4385 532 4454 noeto
554 4385 698 4452 rostrum
720 4401 801 4448 unus
823 4384 871 4448 est
893 4401 943 4448 mc
966 4379 1151 4461 traditurus,
