3080 4938
695 385 736 450 77

145 560 289 626 dominos
313 563 395 626 cives
419 561 506 626 tertii
524 560 654 637 ordinis,
677 559 850 643 dequibus
872 561 1004 625 nuncin
1028 561 1156 647 speciali
1173 561 1293 646 aliquid

147 665 249 730 dicere
283 666 440 731 convenit.
485 665 568 732 Sunt
603 670 708 730 autem
743 664 839 730 huius
873 666 958 730 modi
992 667 1075 733 cives
1107 669 1140 733 in
1174 667 1293 753 triplici

146 770 335 835 differentia.
382 769 481 835 Primi
514 774 588 835 sunt
620 791 756 854 quorum
784 773 911 834 tantum
940 771 1093 836 memoria
1119 773 1237 837 mansit
1258 772 1293 835 in

146 873 264 954 Ulma,
294 878 331 939 ut
358 875 424 955 illi,
455 897 590 960 quorum
618 873 815 960 genealogiae
845 875 1037 950 defecerunt,
1069 877 1119 942 rel
1141 877 1207 956 illi,
1238 877 1294 962 qni

147 980 299 1067 dignitati
322 979 521 1066 resignantes
543 981 582 1046 de
603 980 660 1045 illo
676 980 786 1045 ordine
807 979 842 1044 in
865 980 1054 1046 zunftalium
1074 983 1217 1048 ordinem
1240 982 1294 1046 de-

149 1085 354 1162 scenderunt;
389 1085 426 1150 de
449 1085 499 1150 his
522 1105 599 1170 ergo
630 1084 706 1170 quia
727 1085 792 1150 iam
824 1107 888 1151 non
911 1091 986 1151 sunt
1008 1087 1147 1152 sufficiat
1167 1091 1294 1153 tantum

147 1190 274 1256 dixisse.
321 1188 457 1256 Secundi
479 1195 564 1270 sunt,
588 1213 724 1274 quorum
739 1191 906 1277 progenies
929 1192 969 1256 ab
994 1192 1125 1277 antiquo
1148 1193 1181 1257 in
1197 1191 1295 1258 Ulma

146 1295 281 1362 deducta
312 1317 412 1382 usque
443 1297 536 1362 modo
568 1300 781 1380 perseverant.
826 1295 871 1361 Et
892 1297 995 1376 tertii,
1031 1319 1165 1382 quorum
1190 1297 1294 1363 tribus

145 1423 213 1466 aevc
236 1405 347 1466 nostro
364 1399 493 1468 Ulmam
515 1401 652 1466 inductae
676 1399 750 1466 huic
773 1399 877 1466 ordini
891 1401 1020 1466 insertae
1041 1400 1211 1467 habentur.
1247 1402 1295 1467 De

145 1505 328 1572 bisantem
361 1507 483 1572 duobus
506 1511 632 1572 tanturn
663 1505 778 1590 loquor
808 1508 876 1571 sine
908 1506 1096 1572 discretione
1118 1507 1294 1590 prioritatis

143 1613 177 1676 et
199 1611 414 1694 posteritatis,
459 1615 600 1678 vetustas
633 1611 717 1676 enim
741 1610 840 1675 nimis
866 1611 1057 1676 oblivionem
1080 1616 1112 1676 et
1134 1609 1296 1676 confusio·

143 1739 218 1780 nem
250 1715 386 1782 induxit.
425 1716 480 1802 qui
511 1715 594 1782 enim
623 1717 661 1781 de
691 1715 808 1782 civium
837 1715 1036 1783 Ulnrensium
1066 1716 1234 1801 prioritate
1263 1721 1295 1781 et

146 1821 394 1904 posterioritate,
418 1821 603 1887 minoritate
618 1827 651 1886 et
672 1820 853 1905 majoritate
867 1823 1055 1886 contendere
1078 1821 1164 1900 velit,
1188 1821 1294 1907 indig-

143 1926 307 1992 nationem
329 1927 436 2012 potius
458 1927 633 1992 incurreret
656 1947 752 2011 quam
774 1949 883 2010 pacem
898 1931 1063 2012 procuret.
1108 1927 1230 1994 Verum
1255 1950 1294 1992 ne

147 2033 183 2098 in
206 2033 346 2099 dicendis
377 2033 484 2098 videas
516 2034 645 2098 omnino
674 2031 817 2098 ordinem
840 2032 996 2110 deserere,
1027 2031 1154 2096 illorum
1178 2033 1295 2097 civium

145 2139 352 2225 genealogias
375 2139 478 2224 primo
501 2139 569 2204 loco
584 2161 702 2223 ponam
723 2137 779 2222 qni
801 2138 835 2202 in
859 2138 1097 2221 praesentiarum
1121 2139 1294 2222 primatum

143 2249 178 2310 et
200 2245 426 2329 magistratum
441 2248 560 2322 tenent,
583 2266 658 2308 nam
673 2243 757 2328 apud
779 2242 921 2327 insignes
944 2247 1008 2307 tres
1030 2242 1169 2307 familias
1185 2242 1292 2308 Kraff-

144 2355 267 2429 tonum,
285 2348 553 2435 Ehingerensium
569 2352 602 2414 et
618 2347 889 2412 Bessererensium
911 2347 973 2412 iarn
991 2348 1131 2413 civitatis
1154 2352 1294 2432 potestas

148 2453 274 2519 residet.
321 2453 441 2520 Idcirco
464 2455 501 2520 de
522 2454 600 2538 ipsis
624 2452 693 2518 sine
708 2453 891 2537 praeiudicio
914 2455 1127 2539 cuiuscunque
1141 2454 1295 2520 inchoan·

144 2560 223 2624 dum
248 2560 343 2640 venit,
367 2565 400 2625 et
421 2564 495 2645 post
516 2581 569 2625 eos
592 2559 763 2624 nominabo
783 2563 1010 2644 consequenter
1032 2559 1112 2624 alias
1135 2558 1238 2624 tribue
1261 2563 1295 2624 01

144 2663 288 2730 familias
311 2687 419 2730 omnes
441 2665 528 2730 illius
551 2664 639 2730 tertii
662 2663 791 2744 ordinis,
817 2687 855 2729 ex
879 2688 941 2750 quo
965 2669 1000 2730 ut
1023 2665 1144 2730 dictum
1167 2669 1215 2730 est
1241 2663 1295 2728 de·

145 2770 264 2856 pendet
297 2769 437 2836 civitatis
471 2771 642 2856 primatus,
678 2774 818 2854 potestas
852 2775 886 2835 et
918 2769 1136 2856 magistratus.
1182 2768 1297 2853 Sicque

145 2876 332 2942 Krafftones
355 2876 458 2940 nostri
480 2879 653 2940 conventus
668 2873 852 2939 fundatores
876 2877 969 2938 erunt
991 2873 1096 2957 primi,
1120 2873 1294 2957 exquibus

144 2981 283 3066 insignis
308 2983 356 3046 vir
379 2979 516 3067 Magnus
534 2981 640 3046 Krafft
662 2980 727 3045 iam
749 2979 941 3064 reipublicae
967 2977 1119 3044 ulmensis
1142 2978 1296 3063 magister

143 3091 179 3153 et
201 3093 304 3154 rector
326 3087 445 3152 existit.

639 3242 798 3308 Kralft.

234 3384 341 3451 Krafft
326 3389 442 3452 tonum
464 3407 617 3503 generosa
639 3383 763 3448 familia
786 3387 858 3448 tant
859 3405 885 3447 ae
844 3384 1050 3446 tvetustat
1051 3381 1078 3445 is
1101 3388 1165 3458 est,
1190 3381 1292 3444 utub

149 3493 333 3576 etqnando
356 3495 426 3556 orta
448 3491 491 3556 sit
513 3511 576 3556 non
601 3491 677 3554 satis
709 3492 853 3553 constare
875 3485 985 3571 possit
1016 3507 1084 3550 eam
1107 3489 1213 3550 tamen
1236 3483 1296 3550 Ul·

148 3595 312 3660 mensibus
323 3617 446 3680 semper
462 3594 589 3660 affuisse
604 3617 643 3658 ex
655 3591 770 3693 retnst
762 3593 877 3657 issimis
893 3589 948 3656 litt
919 3590 1011 3656 110111
1023 3589 1296 3674 deprehendimus,

145 3700 235 3765 ubi'
226 3701 417 3786 1nsigneset
402 3697 540 3765 1011101
565 3699 649 3763 viros
671 3699 706 3763 in
726 3685 763 3764 ea
785 3697 909 3762 familia
932 3695 1030 3762 fuisse
1050 3700 1123 3761 ante
1139 3699 1296 3762 trecentos

143 3827 246 3872 annos
269 3804 437 3871 manifeste
462 3805 606 3869 demoust
593 3808 706 3869 tratur
752 3802 851 3868 Porro
870 3801 999 3887 quidam
1022 3803 1190 3866 autumant
1175 3800 1296 3866 thane

143 3910 382 3976 familiamt
326 3933 365 3976 sn
368 3911 457 3996 tiquo
480 3913 622 3996 tempore
644 3909 730 3974 aliud
752 3907 901 3973 habuisse
923 3927 1039 3972 nomen
1062 3915 1293 3991 nuncupatam-

145 4039 208 4102 que
230 4015 329 4080 fuisse
352 4013 481 4080 illorum
504 4015 541 4080 de
564 4013 616 4080 Ita
637 4012 813 4100 vulgariter
836 4035 909 4078 vom
924 4010 1011 4097 Steg,
1036 4016 1068 4076 et
1090 4011 1201 4076 dicunt
1224 4035 1293 4077 earn

145 4105 304 4188 familiam
342 4119 509 4185 aVildria
543 4120 673 4206 regione
706 4141 776 4203 quae
804 4117 980 4203 vulgariter
1009 4117 1124 4182 dicitur
1158 4115 1206 4180 vff
1236 4117 1296 4180 den

149 4225 282 4292 Vildren
300 4224 404 4310 primo
419 4224 524 4290 lusam
539 4223 637 4290 fuisse
659 4246 697 4290 ex
713 4223 791 4289 villa
806 4221 1028 4288 Scharnhusen
1046 4223 1071 4300 ¹,
1095 4243 1114 4285 a
1137 4225 1241 4286 castro
1263 4220 1297 4284 in

218 4385 231 4436 l
260 4379 465 4436 Schomhausen
493 4379 593 4435 Schad.
619 4327 740 4434 Schmid.
768 4377 853 4433 Wibl.
908 4375 1121 4434 Schcrnhausen
1149 4375 1220 4432 11011.
1250 4375 1294 4432 ΚΙ.

145 4468 340 4527 Schornhueen
361 4467 436 4524 11011.
454 4468 479 4523 2.
