3014 4926
783 363 846 430 144

399 540 553 626 Contigit,
576 544 613 604 ut
634 539 770 606 Lazarus
792 540 845 604 hic
866 537 1081 602 infirmaretur

398 647 442 712 Et
463 651 536 731 post
558 651 683 731 tempus
706 644 865 710 modicum
888 642 1054 708 defunctus
1075 643 1262 706 moreretur.

397 751 555 817 Miserunt
577 773 653 837 ergo
676 771 799 817 sorores
822 749 861 814 ad
885 746 995 814 Jasurn
1018 747 1201 812 nuntiantes

319 876 372 916 nac
398 856 521 924 Fratris
543 857 765 943 egritudinem,
788 856 828 922 ab
850 856 920 940 ipso
942 853 1149 940 postulantes,

400 963 445 1030 Ut
467 965 507 1028 ad
529 986 581 1029 eas
602 964 790 1050 dignaretur
812 961 996 1047 quantotius
1018 958 1134 1038 venire,

398 1067 436 1132 In
458 1069 645 1133 infirmitate
666 1091 724 1133 sua
744 1067 837 1132 frat'ri
859 1065 1036 1132 subvenire
1178 1135 1180 1139 ,

400 1172 556 1238 Reversus
578 1194 655 1259 ergo
677 1173 823 1238 dominus
845 1171 1037 1236 Bethaniam
1058 1191 1130 1234 cnm
1152 1166 1240 1234 venit

399 1277 659 1354 Quadriduanum
681 1276 834 1342 Lazarum
857 1275 1041 1340 detructum
1063 1275 1127 1338 iam
1149 1271 1281 1338 invenit

322 1403 376 1440 neo
403 1381 533 1448 Sorores
556 1386 662 1447 autem
685 1383 847 1447 audientes
869 1381 953 1466 quod
975 1379 1068 1445 Jesus
1091 1377 1268 1444 advenisset

399 1487 633 1571 castellumque
655 1485 810 1551 Bethania
832 1485 972 1551 nondum
994 1483 1157 1550 introisset

399 1593 559 1658 Exeuntes
582 1595 786 1658 occurremmt
808 1591 837 1656 ei
858 1590 1061 1656 lamentando

400 1697 634 1782 conquerentes
656 1701 790 1764 mortem
813 1697 863 1762 sni
885 1697 995 1761 fratris
1017 1694 1211 1762 lacrimando

400 1804 444 1869 ldt
466 1804 631 1869 dixerunt:
654 1803 780 1868 domina
802 1803 830 1868 si
851 1823 980 1887 presens
1002 1805 1040 1866 tn
1061 1799 1173 1866 tulisses
1253 1852 1254 1856 ,

322 1928 373 1967 ⁴1⁰⁶
400 1907 450 1974 Ne
472 1907 572 1974 frater
593 1911 701 1972 noster
722 1911 866 1972 mortuus
889 1909 971 1972 esset
992 1909 1030 1970 tu
1052 1905 1195 1970 cavisses.

400 2013 493 2080 Jesus
515 2013 624 2078 videns
647 2011 782 2078 Mariam
804 2011 1029 2096 Marthamque
1050 2008 1208 2076 lacrimari

400 2119 437 2186 In
458 2143 515 2185 suc
537 2119 673 2184 fremens
696 2117 810 2202 spiritu
833 2117 916 2202 cepit
937 2116 1122 2181 conturbari

399 2223 593 2310 Illarumque
615 2221 861 2306 compassionem
884 2221 1077 2286 lacrimando
1100 2220 1212 2297 flebat3

320 2367 325 2377 ·
399 2329 508 2414 Ipsum
530 2327 585 2393 ubi
607 2325 767 2411 posuistis,
791 2326 957 2407 ostendite,
981 2325 1114 2391 dicebat.

323 2454 375 2492 nro
401 2433 576 2500 Nobiscum
598 2433 670 2498 veni
693 2432 828 2513 domine,
851 2433 965 2512 videas,
989 2432 1137 2498 dixerunt

400 2539 445 2605 Et
467 2540 506 2604 ad
528 2539 638 2603 fratris
660 2542 899 2604 monumentum
921 2536 1032 2604 Jesnm
1054 2537 1260 2602 deduxerunt.

399 2642 492 2709 Judei
515 2645 609 2708 multi
631 2645 843 2730 sequebantur
864 2642 940 2709 illuc
963 2643 1018 2729 qui
1040 2647 1195 2709 venerunt

401 2750 450 2814 Ad
475 2749 701 2814 consolandum
722 2749 780 2814 has
803 2771 925 2814 sorores
947 2749 1002 2833 qui
1025 2752 1137 2814 mutuo
1159 2749 1322 2814 dixerunt:

400 2853 565 2940 Numquid
587 2853 671 2918 hunc
693 2875 757 2918 non
779 2854 884 2938 potuit
906 2875 925 2917 a
946 2857 1049 2918 morte
1070 2852 1206 2919 liberare

323 2979 375 3016 ⁴1⁷⁶
402 2959 501 3037 Quem
522 2965 665 3025 mortuos
687 2959 864 3024 audivimus
886 2980 977 3044 posse
997 2958 1174 3026 suscitare?

401 3063 461 3130 Sed
483 3065 522 3128 ad
544 3065 649 3149 ipsum
671 3067 911 3129 monumentum
934 3063 1026 3129 Jesus
1049 3087 1120 3128 cum
1143 3063 1281 3130 redimet

404 3174 508 3256 Atque
530 3169 764 3254 superpositum
786 3169 923 3254 lapidem
946 3169 1076 3234 vidisset

400 3275 476 3341 Ait:
499 3277 584 3340 hunc
606 3297 626 3339 a
648 3280 852 3342 monumento
875 3275 1012 3360 lapidem
1034 3273 1157 3341 tollatis

400 3381 443 3446 Et
466 3379 645 3465 sepulcrum
667 3380 813 3464 patulum
835 3384 919 3446 stare
941 3379 1120 3446 dimittatis.

324 3506 375 3543 ⁴1⁸⁰
402 3485 506 3551 Maria
528 3486 630 3552 dixit:
652 3486 777 3551 domine
799 3487 861 3550 iarn
885 3485 1114 3571 quatriduanus

402 3590 441 3656 In
464 3591 607 3677 sepulcro
629 3592 711 3657 iacet
732 3591 833 3656 fetens
855 3612 944 3657 meus
965 3589 1019 3656 hic
1039 3611 1219 3676 germanus.

401 3695 476 3762 Non
500 3721 532 3763 es
554 3719 675 3762 memor
698 3696 786 3762 verbi
807 3697 870 3762 mei
891 3695 985 3762 Jesus
1007 3696 1053 3761 ait
1074 3697 1114 3777 ei,

402 3799 534 3866 Videbis
557 3803 584 3866 si
607 3801 774 3866 credideris
796 3799 931 3886 gloriam
954 3800 1018 3864 iarn
1040 3799 1099 3865 dei.

401 3905 491 3970 Tunc
512 3907 657 3972 exaltans
680 3928 787 3970 vocem
810 3929 899 3971 suam
922 3904 1015 3971 Jesus
1039 3907 1228 3972 exclamavit

323 4029 374 4066 ⁴1⁸⁶
402 4009 449 4076 Ut
471 4011 570 4076 exiret
592 4013 629 4077 de
651 4011 795 4096 sepulcro
818 4010 972 4076 Lazarum
994 4011 1121 4076 vocavit

400 4115 533 4181 Dicens:
558 4117 628 4182 veni
652 4117 767 4182 Lauare
789 4117 893 4182 forasl
917 4139 991 4182 mcx
1013 4117 1152 4182 surrexit

403 4219 451 4286 De
473 4226 676 4286 monumento
698 4221 833 4287 Lazarus
855 4226 888 4286 et
910 4221 1067 4286 redivivus
1091 4221 1164 4286 exit.

401 4323 462 4400 Qui
485 4329 644 4408 presentes
668 4325 799 4391 aderant
821 4326 881 4390 hoc
903 4326 1030 4411 signum
1054 4349 1126 4392 cum
1150 4323 1297 4390 viderunt

403 4427 590 4500 Laudabant
611 4431 704 4496 deum
727 4431 814 4496 etin
837 4430 947 4497 Jesum
970 4431 1063 4497 multi
1086 4431 1294 4498 crediderunt.
