3072 4936
785 293 827 358 92

232 471 403 554 magistros
433 468 564 543 civium,
596 471 742 532 strenuos
771 465 903 543 iudices,
931 465 1092 544 consules,
1123 468 1156 530 ct
1186 465 1381 551 dignitatum

234 575 386 640 officiales
408 573 614 640 Ulmensibus
637 573 752 637 tribuit
773 572 875 635 multo
898 573 1048 654 tempore.

668 746 944 832 Ungelter¹.

320 889 598 977 Ungelterensium
622 889 809 973 percelebris
840 888 963 952 familia
991 891 1148 954 vetustate
1182 887 1383 955 nobilitatem
1510 881 1511 888 ¹

234 1001 371 1085 probans
399 999 449 1062 his
487 995 683 1080 temporibus
713 999 745 1059 et
774 995 920 1079 pluribus
953 1000 1028 1059 ante
1060 996 1151 1059 annis
1182 994 1385 1060 Ulmensium

237 1103 464 1188 rempublicam
488 1103 587 1178 auxit,
612 1102 772 1165 decoravit
799 1105 831 1166 et
861 1103 1072 1165 manutenuit.
1116 1101 1222 1164 Huius
1252 1101 1386 1165 familiae
1510 1115 1511 1124 ²

235 1211 371 1294 primam
395 1206 551 1292 originem
574 1206 657 1271 sicut
679 1209 711 1269 et
741 1207 879 1269 omnium
912 1205 1045 1269 aliarum
1078 1207 1177 1271 nimia
1207 1205 1387 1270 abolerite

236 1313 389 1378 memoria
410 1315 562 1376 vetustas.
608 1309 675 1375 Nec
698 1310 843 1375 credendi
872 1316 948 1375 sunt
977 1333 1100 1395 semper
1130 1311 1299 1396 Umgelter
1330 1316 1388 1375 aut

235 1417 393 1502 Ungelter
407 1417 588 1481 nominatos
604 1413 625 1491 ¹,
650 1416 703 1479 scd
720 1415 806 1479 aliud
822 1416 980 1499 quoddam
995 1415 1135 1482 habuere
1157 1439 1273 1481 nomen
1294 1417 1388 1500 inge-

236 1522 354 1588 nuitati
368 1545 477 1586 eorum
493 1521 664 1599 conforme,
689 1521 772 1605 quod
789 1543 871 1585 novo
885 1521 1126 1605 superveniente
1138 1523 1267 1587 omnino
1280 1523 1385 1606 periit.

235 1629 287 1694 Sic
310 1631 416 1692 autem
439 1627 507 1690 haec
537 1625 660 1690 familia
691 1627 876 1690 modernum
906 1649 1020 1691 nomen
1044 1626 1202 1713 Ungelter
1231 1627 1281 1692 vel
1305 1625 1388 1692 Um-

236 1733 338 1818 gelter
360 1732 475 1814 adepta
498 1735 556 1796 est.
602 1731 757 1816 Tempore
790 1731 942 1797 Friderici
966 1733 1062 1816 primi
1094 1737 1186 1798 erant
1214 1731 1389 1797 111111111-

238 1841 345 1922 lingen
370 1859 464 1920 quam
488 1837 643 1922 Eslingen
667 1839 770 1902 adhuc
787 1837 941 1902 ruralium
956 1839 1050 1915 villae,
1074 1839 1176 1904 dictus
1196 1843 1302 1902 autem
1326 1838 1389 1902 im·
1510 1841 1511 1846 ’

239 1947 366 2028 perator
389 1942 498 2006 ambas
520 1941 593 2005 illas
621 1943 713 2006 villas
737 1943 835 2006 muris
858 1944 958 2008 cinxit
980 1949 1013 2008 et
1034 1945 1180 2010 civitates
1207 1943 1390 2028 imperiales

238 2071 304 2114 esse
326 2047 465 2112 decrevit
495 2068 578 2111 anno
610 2048 731 2112 domini
765 2050 858 2112 1155.
905 2048 952 2112 De
981 2049 1047 2112 suis
1077 2055 1183 2115 autem
1214 2049 1391 2114 curialibus

239 2154 423 2238 prefectum
446 2152 480 2216 in
503 2150 680 2239 Rtitlingen
702 2155 810 2236 posuit
825 2152 880 2238 qui
897 2155 1046 2238 angarias
1063 2154 1250 2238 imperatori
1265 2155 1390 2220 debitos

140 2277 142 2280 ·
238 2259 377 2342 collegit,
401 2251 490 2322 etin
512 2258 659 2322 aerarium
682 2259 748 2323 eius
771 2259 868 2323 misit.
916 2258 1049 2342 Propter
1070 2260 1159 2324 illam
1174 2281 1251 2346 ergo
1274 2260 1391 2324 collec-

240 2371 342 2429 turam
376 2363 493 2447 populo
523 2363 680 2428 insuetam
712 2364 831 2448 incepit
865 2365 981 2450 vulgus
1015 2365 1215 2430 collectorem
1247 2365 1391 2429 nobilem

239 2470 403 2534 nominare
426 2467 599 2553 Ungelter,
629 2471 711 2534 sicut
742 2475 775 2534 et
805 2470 938 2536 collecta
959 2471 1093 2554 pecunia
1116 2471 1232 2534 dicitur
1256 2469 1392 2554 Umgelt

241 2576 289 2640 vel
313 2573 444 2661 Ungelt,
467 2597 542 2639 nam
568 2581 738 2659 utrumque
760 2577 792 2640 in
817 2575 934 2640 litteris
957 2577 1122 2660 reperitur.
1166 2575 1391 2640 diciturenim

241 2679 375 2764 Umgelt
397 2681 480 2763 quod
504 2679 545 2745 ab
568 2681 715 2745 omnibus
737 2682 877 2766 exigitur
899 2686 932 2746 et
954 2703 1012 2764 per
1034 2703 1142 2746 omnes
1158 2679 1310 2746 solvenda
1324 2684 1393 2744 sta-

240 2785 290 2849 bit
303 2783 324 2850 1.
350 2785 399 2848 vel
415 2785 531 2849 dicitur
545 2783 668 2869 Ungelt
690 2787 765 2870 quia
780 2791 828 2850 est
851 2787 985 2872 angaria
1007 2787 1203 2852 detestabilis
1225 2791 1258 2850 et
1272 2785 1392 2863 odiosa,

242 2891 324 2954 sicut
345 2890 449 2954 dicere
470 2891 607 2955 solemus
630 2891 668 2956 de
690 2891 798 2956 odioso
814 2891 958 2956 homine:
983 2893 1038 2957 1119
1052 2895 1101 2956 est
1118 2913 1200 2954 unus
1216 2889 1392 2954 unmensch

241 2996 296 3060 der
318 2995 361 3058 ist
375 2994 428 3058 ain
443 2996 626 3060 unmeusch.
671 2994 883 3080 inculpabunt
898 3003 1005 3063 autem
1022 2997 1249 3080 Rlitlingenses
1271 2995 1392 3060 dictum

242 3099 396 3179 nobilem,
426 3100 517 3184 quasi
547 3101 614 3184 ipsc
636 3101 731 3165 istam
755 3101 918 3186 angariam
952 3103 1073 3187 imponi
1105 3102 1150 3166 eis
1182 3105 1392 3184 procurasset,

241 3206 348 3288 sicque
370 3227 408 3268 ex
431 3205 566 3288 quadam
593 3205 814 3290 indignatione
836 3229 950 3272 nomen
975 3208 1072 3272 officii
1088 3207 1138 3272 sui
1154 3209 1199 3271 eis
1215 3205 1316 3270 odiosi
1331 3205 1393 3269 sibi

242 3309 471 3392 imposuerunt.
517 3308 575 3373 1119
597 3331 674 3394 ergo
697 3311 814 3375 nobilis
837 3313 934 3395 longo
957 3317 1099 3396 tempore
1118 3312 1281 3376 civitatem
1303 3309 1393 3374 illam

244 3413 437 3498 gubernavit
459 3418 491 3478 et
513 3437 602 3478 arma
624 3437 752 3480 suorum
776 3417 1015 3500 progenitorum
1044 3417 1093 3481 illi
1122 3415 1245 3481 civitati
1269 3414 1394 3494 tribuit,

245 3519 376 3583 mutatis
399 3519 589 3603 quibusdam
612 3519 781 3585 coloribus.
826 3520 971 3606 Contigit
1001 3527 1107 3586 autem
1132 3525 1205 3605 post
1227 3521 1394 3584 decursum

243 3623 416 3688 multorum
442 3646 597 3688 annorum
620 3625 807 3690 seditionem
830 3624 863 3688 11
889 3625 1066 3711 Rbtlingen
1089 3624 1242 3690 concitari
1264 3645 1322 3708 per
1344 3623 1393 3687 in-

244 3729 378 3812 quietos,
401 3730 435 3794 in
452 3753 515 3813 qua
530 3730 650 3814 grande
666 3729 855 3796 imminebat
869 3731 1044 3814 periculum
1061 3730 1237 3795 rectoribus
1252 3727 1394 3792 civitatis

245 3837 277 3899 91
300 3835 456 3918 praecipuc
478 3833 774 3919 Ungeltercnsibus.
821 3835 914 3902 Unde
941 3837 996 3900 ires
1024 3835 1129 3900 locum
1157 3835 1268 3898 dantes
1291 3833 1393 3897 domi·
1510 3897 1511 3908 ,

244 3937 354 4002 cilium
385 3939 619 4005 transtulerunt
650 3939 798 4020 Ulmum,
833 3941 889 4004 ubi
917 3940 1012 4005 multi
1046 3939 1168 4004 nobiles
1199 3937 1393 4003 domicilium

246 4042 418 4124 habebant,
434 4044 541 4128 sicque
557 4045 700 4111 concives
716 4045 793 4110 facti
808 4045 1035 4130 rempublicam
1050 4043 1250 4111 Ulmensium
1266 4048 1394 4108 strenue
1509 4125 1511 4138 Ι

809 4188 827 4228 *

318 4287 327 4338 l
349 4283 390 4338 De
409 4285 657 4353 Vngelterensibus
677 4287 748 4343 Mon.
767 4288 791 4341 2.
828 4287 869 4342 De
888 4286 1154 4358 Umgelterensibus,
1173 4287 1241 4344 olim
1260 4285 1296 4340 de
1313 4285 1395 4340 Hune
1509 4251 1511 4272 Ι

245 4371 315 4427 corr.
335 4371 406 4428 Bess-
478 4373 495 4426 2
513 4371 549 4428 So
567 4373 660 4429 haben
679 4375 742 4430 alle.
