2996 4924
766 265 808 330 40

365 445 510 530 Eligeret
532 443 587 527 qui
609 439 750 506 moribus
773 439 838 504 suis
861 437 1055 516 condeceret,

302 573 340 608 ⁹⁹⁰
366 551 533 616 Dicentes:
574 544 620 610 »Ο
644 545 835 624 dulcissima,
858 566 877 609 0
900 542 987 622 felix,
1012 565 1031 608 ο
1054 541 1157 622 beata,

367 653 394 721 Ο
417 655 467 720 dei
490 651 681 730 dulcissima,
705 671 723 714 o
745 649 967 714 immaculata!

366 760 470 826 Maria
492 759 584 843 virgo
607 760 638 820 te
661 756 737 820 dens
759 754 934 820 innumeris
956 755 1083 818 ornavit

367 865 552 930 Virtutibus
577 866 609 928 et
630 861 773 926 moribus
796 857 937 943 pulchris
960 859 1131 940 decoravit,

369 971 414 1036 Et
435 975 467 1036 te
489 967 688 1034 naturalibus
711 965 804 1030 donis
825 963 1009 1030 sublimauit

303 1095 342 1133 ou
371 1077 418 1140 Ae
441 1075 547 1162 vultus
570 1070 808 1157 pulchritudine
829 1091 884 1134 seu
906 1069 1201 1152 corporis-diuum

369 1180 458 1265 Ergo
481 1179 550 1242 laus
574 1179 623 1241 est
643 1174 782 1258 undique
804 1176 861 1238 tua
883 1172 1058 1258 divulgata

369 1283 460 1361 Quod
483 1305 539 1367 pre
561 1280 684 1346 eunetis
706 1279 834 1344 feminis
857 1301 875 1343 a
898 1278 956 1343 deo
979 1279 1022 1342 sis
1043 1278 1171 1356 dotata;

371 1389 421 1455 Ob
442 1387 502 1454 hoc
525 1385 620 1452 multi
641 1385 768 1449 iuvenes
791 1387 823 1449 11
846 1384 967 1450 nobiles
990 1389 1154 1464 venerunt,

372 1493 409 1559 In
433 1513 581 1577 spensam
604 1489 691 1554 etin
714 1489 879 1574 conjugem
903 1489 1043 1572 accipere
1065 1493 1096 1554 te
1120 1495 1276 1574 querunt;

296 1619 347 1656 1⁰⁰⁰
374 1597 462 1682 Ergo
484 1594 705 1661 dilectissima!
730 1593 821 1658 nobis
844 1595 1021 1658 consentire

373 1703 476 1768 Debes
500 1705 531 1766 et
553 1700 711 1766 mandatis
734 1699 851 1764 nostris
876 1698 1011 1764 libenter
1033 1699 1169 1780 obedire,

372 1807 420 1874 Ut
442 1827 540 1886 unum
562 1827 600 1870 ex
622 1805 673 1870 his
695 1803 843 1868 omnibus
867 1804 967 1888 eliges
990 1804 1129 1876 sodalem

372 1911 409 1978 In
432 1933 582 1997 sponsum
605 1914 637 1976 et
660 1911 693 1974 in
716 1909 883 1994 coniugem
906 1909 945 1973 ad
968 1909 1097 1974 thorum
1122 1911 1309 1991 maritalem,

375 2017 437 2095 Qui
459 2021 564 2082 eustos
587 2020 682 2100 atque
705 2015 807 2080 socius
831 2014 874 2080 sit
896 2018 951 2079 tue
972 2015 1129 2080 iuventut'

296 2145 348 2181 110
377 2125 481 2208 Atque
503 2121 690 2188 secretarius
713 2125 767 2186 tue
789 2120 833 2184 sit
855 2119 992 2184 virtutis.

220 2423 323 2508 Quod
340 2421 461 2494 Maria
478 2418 667 2494 recusavit
690 2419 870 2492 maritum
894 2423 934 2492 et
961 2421 1006 2494 de
1033 2421 1112 2494 eius
1139 2421 1366 2516 allegatione

634 2546 768 2615 eontra
795 2543 819 2615 J
823 2543 947 2616 1111101.

379 2751 430 2817 Ad
452 2750 511 2815 hee
533 2750 630 2816 verba
652 2751 787 2816 nimium
810 2750 913 2820 Maria
936 2754 1127 2820 conturbata

378 2857 455 2921 Fuit
476 2859 509 2922 et
531 2855 692 2940 impalluit
714 2857 793 2922 faeie
814 2862 949 2928 mutata.

380 2961 474 3026 Color
496 2962 562 3026 eius
585 2983 693 3028 roseus
716 2967 860 3028 mutatur
882 2964 915 3028 in
939 2964 1103 3048 pallorem,

378 3065 465 3132 (lasti
488 3067 590 3132 sordis
612 3068 769 3134 inclinans
793 3069 952 3155 virginem
975 3070 1147 3154 pudorem

303 3193 352 3232 1010
379 3171 500 3238 Temen
522 3173 615 3237 corde
639 3177 737 3239 tacito
759 3196 884 3240 sursum
907 3175 1080 3258 suspiravit

381 3278 425 3342 Elt
447 3277 539 3342 deum
562 3279 596 3342 in
619 3279 792 3364 gemitibus
814 3280 879 3345 suis
902 3280 1078 3358 invocavit,-

380 3381 446 3465 Ipsi
469 3382 553 3466 quod
575 3383 609 3448 in
631 3384 689 3448 tali
712 3385 797 3450 facto
821 3386 1031 3450 constentiam
1056 3387 1211 3470 preberet,

380 3487 425 3552 Et
446 3488 523 3572 quid
545 3489 609 3554 illis
632 3492 820 3576 respondere
843 3495 949 3576 posset
970 3492 1151 3576 inspiraret.

381 3593 470 3658 Tune
492 3595 671 3662 confortato
693 3597 808 3681 spiritu
831 3597 917 3662 dedit
939 3597 999 3662 hoe
1022 3618 1207 3681 responsum

219 3691 228 3703 ’
305 3717 355 3756 1⁰1⁵
380 3699 484 3764 Maria
505 3701 730 3780 sacerdotibus
754 3700 839 3785 qued
862 3723 1032 3784 nunquam⁴
1047 3701 1142 3765 vellet
1164 3721 1315 3784 sponsum

382 3805 493 3870 Alium
516 3807 655 3891 accipere
677 3807 909 3900 pretervsolum
931 3807 1035 3886 deum,

382 3911 573 3996 Cunetisque
596 3911 775 3976 viventibus
798 3912 937 3996 preferre
959 3913 1055 3976 vellet
1079 3934 1162 3992 eum,

382 4017 516 4081 Dicens:
543 4017 631 4101 »Ego
654 4039 805 4100 sponsum
828 4039 926 4081 unum
950 4017 1068 4082 dudnm
1091 4018 1154 4080 iam
1178 4016 1270 4102 elegi,
1302 4001 1314 4022 ¹

383 4120 464 4197 Quia
487 4121 676 4204 desponsata
698 4144 768 4186 sum
791 4123 966 4188 seculorum
991 4123 1068 4208 regi.

789 4265 806 4304 st

301 4345 410 4403 11121
430 4347 465 4400 Et
483 4349 555 4402 statt
573 4346 622 4402 Ut.
