3072 4936
824 321 938 436 as*

270 547 426 631 amboque
455 567 516 631 pro
547 545 709 628 republica
743 545 916 630 gloriosam
946 551 1081 611 mortem
1109 546 1143 610 in
1178 547 1301 630 proeliis
1334 569 1420 613 acce·
1513 539 1514 582 l

268 656 396 735 petunt.
431 649 491 714 Sed
507 654 540 714 et
555 650 648 714 hodie
664 651 800 736 insignis
822 652 871 716 vir
887 652 1033 717 dominus
1050 649 1244 716 Wilhelmus
1262 653 1419 730 Besserer,
1513 685 1514 742 p

269 757 423 840 magister
445 755 561 818 civium
585 759 657 818 actu
680 755 847 833 ulmensis,
881 778 964 820 anno
987 757 1043 820 illo
1067 779 1133 841 prae
1154 759 1277 822 cunctis
1301 759 1420 823 electus

268 865 316 924 est
347 858 387 924 ab
416 860 608 943 imperatore
639 860 800 925 Friderico
831 859 912 940 ΠΙο,
943 885 961 926 a
993 862 1209 946 principibus,
1237 864 1420 941 comitibus,
1513 891 1514 896 ¹

270 969 302 1030 et
333 989 352 1029 a
383 965 665 1029 communitatibus
697 967 863 1031 civitatum
895 968 927 1030 in
959 969 1160 1052 capitaneum
1191 968 1265 1052 ligas
1292 991 1420 1055 magnae

268 1071 367 1135 totius
384 1069 516 1149 sueviae,
540 1071 572 1134 in
588 1094 652 1155 qua
667 1071 785 1136 foedere
800 1072 900 1136 iuncti
924 1078 999 1137 sunt
1022 1073 1144 1137 nobiles
1160 1077 1192 1137 et
1214 1074 1318 1157 plebei
1336 1097 1420 1138 anno

268 1177 388 1240 domini
413 1177 507 1242 1488.
555 1175 685 1241 (iunctis
717 1177 800 1241 enim
823 1183 900 1242 nota
934 1183 982 1242 est
1004 1177 1091 1242 illius
1113 1179 1245 1243 familiae
1268 1178 1419 1258 fidelitas,

266 1281 410 1364 probitas
433 1285 465 1344 et
487 1281 677 1357 constantia,
701 1281 799 1344 robur
821 1287 853 1345 et
869 1283 1011 1360 andacia,
1035 1303 1107 1366 quae
1131 1283 1239 1346 omnia
1261 1284 1418 1347 concomi-

266 1388 354 1448 tatur
376 1383 517 1449 fortuna.
562 1385 606 1449 Et
630 1387 706 1469 quia
723 1385 870 1450 Besserer
893 1409 912 1449 a
936 1386 1079 1450 bonitate
1101 1408 1217 1450 nomen
1240 1385 1363 1452 habent
1385 1393 1418 1452 et
1513 1425 1514 1428 κ

265 1489 384 1554 bonum
408 1491 599 1555 naturaliter
627 1496 675 1554 est
697 1491 746 1553 sui
770 1491 870 1574 ipsius
892 1491 1092 1569 diffusum,
1125 1492 1195 1555 ideo
1227 1491 1324 1556 etiam
1348 1493 1421 1576 ipsa

264 1593 389 1659 familia
412 1595 453 1658 ab
469 1593 566 1659 Ulma
589 1595 889 1661 diffusa'iuvenitur
912 1619 967 1680 per
991 1597 1108 1660 multas
1124 1595 1248 1682 Suculae
1270 1587 1418 1662 civitates

264 1723 343 1784 quas
366 1723 424 1764 sua
446 1703 613 1784 prasentia
635 1708 801 1779 exornant,
824 1708 861 1767 ut
883 1707 930 1767 est
953 1702 1179 1787 Memmingen‚
1205 1700 1419 1787 Ravcnspurg

265 1807 322 1869 etc.
370 1804 428 1870 Sed
454 1807 543 1870 etin
574 1806 699 1872 Basilea
721 1807 804 1872 cives
827 1812 903 1872 sunt
926 1809 1128 1873 honorabiles
1151 1808 1238 1872 illius
1261 1809 1419 1889 nominis;
1513 1807 1514 1886 s

264 1933 305 1973 an
340 1915 446 1975 autem
478 1911 544 1975 sint
574 1912 612 1975 de
642 1917 824 1977 nostrorum
849 1913 1118 1978 Bessererensinm
1147 1913 1319 1996 sanguine,
1353 1935 1419 1977 non

264 2020 398 2079 constat.
445 2017 515 2080 Hoc
537 2021 644 2080 autem
660 2016 777 2081 litteris
801 2018 965 2082 ostendere
980 2040 1157 2102 possumus,
1175 2018 1417 2082 Bessererensas
1513 2079 1514 2110 ἶ

263 2121 301 2184 de
319 2119 414 2185 Ulma
437 2125 596 2186 vetustate
619 2128 749 2186 cunctos
771 2123 850 2186 alios
873 2122 1059 2206 praecellere.
1107 2121 1154 2186 De
1177 2122 1227 2185 his
1254 2122 1418 2186 llesserer-
1513 2167 1514 2192 1

264 2227 392 2290 ensibus
416 2227 553 2290 vidimus
581 2228 615 2290 iu
640 2227 736 2293 Ulma
768 2233 800 2292 et
822 2228 899 2292 alibi
923 2229 1094 2312 magistros
1118 2228 1255 2303 civium,
1285 2227 1418 2304 iudices,

263 2336 400 2396 rectores
423 2337 455 2396 et
478 2333 655 2416 praefectoa
680 2338 840 2399 senatores
864 2339 895 2398 et
917 2333 1071 2399 consules.

761 2510 891 2575 Roteu
908 2510 928 2575 ¹.

352 2646 569 2711 Rubiauoruur
595 2647 728 2724 familia,
753 2670 848 2731 quam
872 2647 1049 2734 vulgariter
1073 2647 1175 2712 [toton
1200 2650 1415 2718 nominamus.

263 2753 303 2816 ab
326 2753 473 2816 omuibus
488 2753 638 2838 ingenua,
662 2751 798 2836 iusignia
821 2758 854 2816 et
871 2754 1085 2817 vetustissima
1108 2753 1225 2817 dicitur
1246 2759 1279 2817 et
1295 2757 1412 2838 paedi-

264 2862 354 2921 catur
385 2858 461 2921 olim
484 2859 576 2922 valde
597 2863 710 2941 potens
733 2859 766 2921 in
796 2858 925 2922 civitate
948 2856 1092 2923 Ulmensi
1117 2859 1264 2943 pontium
1288 2861 1413 2924 viarum

262 2967 293 3027 et
316 2967 480 3047 portarum
511 2963 630 3028 telonia
663 2962 819 3047 accipiens
852 2968 884 3027 et
913 2963 975 3027 sibi
997 2987 1161 3028 reservans
1184 2964 1252 3028 iure
1275 2965 1413 3030 haeredi-

261 3069 353 3132 tario.
378 3070 432 3133 sed
456 3072 488 3133 et
511 3069 613 3133 datias
637 3068 675 3131 de
699 3066 896 3132 vasconicis¹
930 3069 1135 3153 accipiebant,
1166 3075 1199 3134 et
1220 3070 1325 3134 multa
1348 3071 1413 3136 alia

262 3197 331 3258 quae
354 3197 438 3239 nunc
461 3176 496 3238 in
511 3197 576 3239 rem
600 3196 798 3237 communem
814 3173 953 3237 civitatis
976 3179 1052 3238 sunt
1074 3175 1209 3239 redacta.
1235 3177 1413 3240 eratenim

260 3281 371 3344 domus
394 3301 513 3356 eorum,
538 3280 657 3362 inqua
681 3278 774 3342 hodie
797 3277 960 3343 conradus
978 3277 1042 3342 Rot
1066 3279 1201 3358 habitat,
1225 3279 1313 3344 locus
1337 3303 1414 3364 pro-

260 3387 399 3450 bationis
423 3384 669 3462 vascanicarum
694 3407 763 3467 quae
779 3385 891 3448 domus
915 3385 992 3448 adeo
1008 3385 1141 3469 antiqua
1164 3389 1221 3461 est,
1246 3387 1328 3469 quod
1349 3409 1410 3450 non

259 3497 327 3555 erat
358 3492 391 3554 in
423 3495 492 3554 tota
515 3487 610 3554 Ulma
633 3488 835 3574 horologium
867 3489 962 3553 horas
992 3489 1124 3573 signans
1147 3489 1209 3552 nisi
1235 3488 1269 3551 in
1293 3495 1331 3553 ea
1353 3513 1412 3574 per
1513 3543 1514 3584 3

259 3617 357 3659 unum
391 3596 429 3658 de
452 3592 613 3658 Rubeanis
645 3600 858 3678 procuratum.
905 3593 982 3659 Haec
1013 3593 1131 3659 nobilis
1161 3593 1286 3658 familia
1313 3595 1411 3659 etiam

258 3700 397 3764 creditur
423 3698 564 3764 Ulmensi
596 3699 720 3763 civitati
742 3721 865 3783 semper
887 3699 1031 3776 affuisse;
1066 3701 1120 3764 sed
1144 3701 1227 3764 unde
1260 3699 1411 3782 primitus
1513 3711 1514 3732 ³

259 3810 330 3868 orta
359 3805 403 3869 sit
433 3809 465 3869 et
487 3805 570 3867 unde
593 3826 683 3866 suum
717 3805 832 3868 sortita
864 3805 907 3868 sit
930 3824 1045 3868 nomen
1078 3827 1140 3868 non
1165 3803 1243 3868 satis
1273 3809 1410 3880 constat,

258 3907 444 3972 obfuscante
467 3913 625 3972 vetustate
647 3908 806 3972 notitiam.
854 3909 921 3973 Nec
944 3932 1111 3993 possumus
1134 3931 1172 3972 ex
1196 3908 1326 3972 nomine
1349 3909 1410 3973 ali·

259 4037 353 4098 quam
367 4014 508 4098 accipere
523 4013 746 4092 coniecturam,
763 4037 833 4077 cum
846 4015 1042 4099 genealogias
1058 4019 1124 4078 tam
1138 4013 1295 4078 nobilium
1313 4037 1409 4099 quam
1513 4069 1514 4080 ,

833 4127 851 4159 ,ῃ
1513 4145 1514 4150 ,

328 4175 402 4234 lDe
422 4178 614 4233 ltubianorum
640 4178 751 4232 familia
774 4179 931 4248 volgariter
954 4177 1053 4234 Rotam
1089 4177 1162 4232 Mon.
1188 4179 1214 4230 2.
1239 4175 1310 4230 Golr.
1334 4175 1408 4231 Bcss.

257 4265 341 4321 Woll.
364 4265 455 4319 Roton
474 4265 573 4319 Schad.
592 4265 661 4321 Golr.
681 4265 791 4322 Rothen
811 4267 896 4322 Wibl.
916 4267 960 4321 Kl.
982 4266 1112 4322 Rothenn
1131 4262 1253 4319 Schmid.
1326 4265 1343 4317 2
1363 4282 1408 4320 vc-

257 4351 372 4406 atanicis
386 4351 485 4406 Sohad.
506 4351 580 4406 Mon.
599 4353 624 4406 2.
644 4352 727 4407 Woll.
745 4353 830 4406 Wibl.
849 4352 970 4408 Schmid.
985 4351 1135 4407 vescanicis
1153 4350 1221 4405 Golr.
1244 4350 1286 4404 m.
1306 4351 1408 4408 Schad.
1513 4351 1514 4354 ’

257 4437 376 4492 welcher
394 4455 425 4492 so
443 4437 590 4506 corrigiert
608 4439 668 4494 hat.
705 4439 730 4495 S.
749 4441 822 4496 oben
839 4457 860 4495 s.
879 4443 924 4495 47.
