3034 4922
663 341 725 408 217

242 625 344 712 Quod
373 624 541 720 discipuli
569 624 710 698 reversi
737 627 827 697 sunt
854 625 892 696 in
921 621 1144 699 Jerusalem.

272 835 392 900 Euntea
414 833 448 898 in
472 830 650 898 Jerusalem
672 832 855 898 cenaculum
877 833 1054 914 intrabant,
1115 857 1119 866 ·

271 939 309 1005 In
333 962 396 1024 qno
418 960 528 1004 cenam
549 947 643 1003 antea
664 960 736 1002 cum
758 936 837 1003 Jesu
859 939 1114 1016 manducabant,

195 1065 246 1102 ⁸⁴²⁰
272 1045 383 1130 Ibique
404 1043 650 1129 perseverabant
671 1044 705 1108 in
727 1043 880 1122 oratione,

272 1149 459 1216 Mensorunt
479 1149 512 1212 in
537 1148 753 1232 apostolorum
776 1149 1030 1234 congregatione,

272 1255 315 1320 Et
337 1277 408 1319 cum
432 1255 516 1320 dulci
537 1259 639 1320 matre
661 1254 738 1320 Jesu
761 1256 885 1342 virgine
907 1255 1011 1320 Maria

273 1358 493 1426 Glorificantes
516 1361 678 1426 dominum
701 1383 772 1426 cum
796 1360 897 1426 laudis
919 1360 1101 1444 hymnodia.

270 1463 308 1530 ln
331 1465 440 1530 eodem
463 1487 537 1530 vero
560 1465 628 1530 loco
650 1466 756 1530 cuncti
778 1471 1043 1550 permansemnt,

196 1588 247 1626 ⁸⁴²⁵
272 1568 409 1636 Crantes
433 1569 538 1649 simul,
561 1568 659 1636 donec
682 1569 787 1634 decem
810 1571 876 1636 dies
900 1572 1104 1636 transierunt.

120 1869 221 1955 Quod
247 1869 357 1944 Jesus
395 1871 433 1941 in
470 1870 685 1942 ascensione
722 1893 791 1944 aaa
828 1872 1004 1945 transivit
1039 1869 1260 1944 Paradisum

571 1995 803 2066 terrestrem.
1149 1995 1162 2004 ‘

273 2201 364 2266 Jesns
387 2207 493 2268 autem
516 2202 696 2287 paradisum
720 2206 901 2268 terrestrem
924 2202 1149 2287 pertransivit3

274 2305 461 2372 Sanctorum
484 2311 612 2391 patrum
634 2307 766 2384 animas,
790 2331 868 2393 quas
891 2313 1073 2392 exspectare
1095 2307 1187 2372 scivit

275 2413 496 2478 decensionem
518 2411 563 2476 ibi
586 2433 686 2490 suam,
709 2435 883 2478 assermens
906 2435 1012 2478 secum
1035 2411 1136 2491 duxit,

274 2515 311 2582 ln
333 2518 434 2584 celum
457 2522 489 2584 et
511 2518 544 2582 in
567 2517 705 2602 gloriam
727 2540 818 2582 suem
841 2519 1028 2584 introduxit.

325 2833 426 2919 Quod
454 2833 564 2907 Jesus
593 2833 792 2928 suscipiter
818 2833 866 2904 ab
894 2834 1047 2927 angelis.

202 3059 250 3098 ⁶⁴³⁰
276 3041 341 3108 Geli
364 3043 515 3128 patefacti
537 3047 613 3108 sunt
634 3043 702 3108 eius
724 3043 756 3106 in
781 3043 927 3122 adventu,

274 3145 493 3214 Convenerunt
514 3147 653 3213 universi
675 3148 848 3232 gaudentes
871 3169 943 3213 oum
966 3151 1118 3212 concentu

274 3251 400 3333 Angeli,
427 3252 629 3337 Archangeli,
652 3250 761 3332 Treui,
786 3251 996 3336 Principatus,

272 3355 431 3422 Cherubin
454 3362 486 3422 et
507 3357 672 3441 Seraphin,
696 3355 852 3436 Virtutes,
876 3357 1080 3438 Domiuatus,

273 3461 320 3526 Ac
343 3461 481 3526 universi
503 3461 635 3546 spiritus
657 3461 741 3526 trine
764 3461 940 3528 hierarchie

201 3585 248 3620 ⁸⁸³⁵
274 3565 473 3630 Conveniunt
495 3567 525 3630 in
551 3566 651 3631 iubilo
674 3566 797 3632 celestis
820 3565 994 3646 harmonia,

273 3667 485 3755 suscipientes
508 3691 615 3755 regem
638 3693 730 3736 suum
752 3671 916 3756 filiumque
939 3673 998 3750 dei,

272 3773 409 3841 Laudem
432 3779 528 3859 atque
550 3775 687 3860 gloriam
710 3775 914 3842 decantantes
937 3777 975 3842 ei.

172 4085 269 4172 Quod
295 4089 393 4164 filius
420 4093 622 4188 suscipitur
650 4117 674 4168 a
700 4097 808 4190 patre
835 4097 875 4168 et
901 4095 1037 4190 spiritu
1064 4099 1207 4170 sancto.

274 4295 370 4363 Pater
392 4303 487 4384 atque
509 4300 640 4385 spiritus
663 4303 724 4366 sibi
747 4302 927 4388 coequalem

274 4399 390 4475 uinum
412 4405 599 4496 suscipiunt,
623 4407 774 4480 honorem
799 4407 1022 4503 triumphalem
