3014 4926
786 335 848 403 128

398 513 519 579 Jacobo
541 533 597 596 per
618 510 814 597 singularem
837 511 1078 596 apparitionem,

398 617 443 682 Et
465 617 653 703 quingentas
675 615 829 680 fratribus
852 615 947 680 simul
970 614 1182 701 congregatis,

320 739 373 779 sess
399 721 516 787 Scribit
537 721 623 786 hunc
645 721 828 806 apparuisse
850 742 924 786 cum
944 719 1154 785 humanitatis

398 825 529 902 Forma;
556 848 640 891 nunc
662 848 720 911 pro
743 827 877 892 veritate
899 825 1074 891 recitantur
1095 825 1167 902 ista,

399 931 550 1008 Quamvis
572 933 680 996 nullus
703 932 864 1016 scriptitat
884 931 943 997 hec
965 931 1169 1016 evangelista.

397 1035 503 1123 Igilur
525 1037 708 1121 delinquere
731 1036 813 1101 nihil
837 1041 948 1103 contra
970 1037 1063 1101 deum

399 1140 451 1206 Me
474 1163 575 1226 spero,
599 1142 653 1207 sed
676 1143 851 1227 propitium
873 1147 906 1208 et
928 1141 1103 1227 benignum
1125 1162 1197 1206 eum
1314 1225 1317 1234 Α

320 1263 373 1303 ³⁸³0
400 1246 603 1327 Habiturum,
627 1249 654 1312 si
676 1269 734 1332 pro
757 1248 850 1312 laude
871 1247 1009 1312 nominis
1030 1246 1130 1332 ipsius

397 1351 518 1437 Aliqua
538 1353 754 1438 conscripsero
776 1375 837 1438 que
859 1357 966 1417 tamen
989 1356 1080 1418 erant
1101 1350 1189 1436 prius

397 1454 449 1522 Ab
473 1457 543 1521 aliis
567 1455 749 1522 doctoribus
771 1461 846 1537 apte
869 1457 1036 1542 divulgata

396 1561 440 1626 nt
462 1561 552 1626 libris
574 1563 608 1626 in
631 1562 799 1627 autenticis
821 1562 939 1646 scripto
962 1561 1190 1626 commendate.

396 1665 481 1732 Illud
503 1671 610 1732 autem
632 1667 781 1751 deprecor
803 1691 823 1732 a
845 1667 922 1732 viris
945 1667 1104 1744 litteratis,
1146 1705 1153 1732 ι

318 1790 371 1828 ιιιῡ
398 1771 446 1838 Ut
468 1772 527 1838 bec
554 1772 643 1856 sique
665 1773 839 1857 repererint
862 1771 1029 1856 queniam
1052 1769 1195 1836 venietis

397 1876 570 1956 Excedent,
599 1877 656 1940 illa
678 1877 840 1962 corrigant
862 1876 912 1940 vel
935 1874 1061 1960 penitus
1084 1875 1247 1954 abradant,

398 1979 459 2046 Vel
480 1981 508 2045 si
530 1983 634 2066 placet
655 1985 759 2046 totum
781 1981 898 2045 librum
921 1979 1131 2045 combustioni
1154 1981 1291 2045 tradant.

399 2084 451 2152 Sic
472 2087 598 2171 invidus
621 2108 685 2151 non
708 2085 806 2151 habet
828 2085 880 2150 hic
903 2086 1007 2149 locum
1029 2085 1223 2164 detrahendi,

397 2189 464 2255 Nec
486 2192 608 2256 emulus
630 2193 770 2256 inveniet
792 2213 920 2256 causam
941 2190 994 2255 hic
1014 2192 1197 2268 mordendi3

279 2379 284 2389 ι
319 2312 371 2351 ⁸⁶0⁰
398 2291 481 2360 llam
505 2297 636 2363 cuilibet
658 2298 840 2362 conceditur
862 2301 1004 2382 potestas
1025 2295 1204 2381 corrigendi

398 2399 530 2466 Librum
552 2403 659 2484 istum,
683 2401 734 2468 vel
756 2404 783 2468 si
806 2403 910 2488 placet
932 2407 1037 2467 totum
1059 2399 1240 2466 abradendi.

112 2719 114 2722 Ι
240 2760 402 2858 Explicit
428 2763 617 2870 prologus.
673 2755 809 2858 Incipit
843 2759 940 2835 liber
966 2761 1104 2834 tertius
1132 2759 1177 2832 de
1206 2745 1287 2832 vita
1315 2759 1392 2854 glo·
1500 2781 1501 2784 ’

240 2885 335 2995 riose
372 2886 528 2980 virginis
565 2885 683 2960 Maria
721 2889 760 2957 et
801 2885 845 2958 do
881 2887 997 2980 gestis
1034 2883 1099 2956 filii
1137 2883 1216 2956 ei-us
1250 2881 1392 2954 domini

607 3009 729 3084 nostri
756 3007 848 3082 Jesu
875 3006 1025 3080 Christi.

397 3243 477 3309 Cum
500 3243 615 3327 viginti
638 3264 752 3308 novem
775 3264 874 3308 annos
897 3239 993 3307 Jesus
1013 3241 1208 3325 implevisset

399 3348 450 3414 Ad
473 3369 655 3433 annumque
677 3348 872 3412 tricesimum
893 3349 988 3412 etatis
1010 3347 1073 3411 iam
1097 3347 1243 3425 venisset,
1271 3407 1275 3414 .

396 3451 549 3518 Zacharia
571 3453 658 3518 filius
679 3451 844 3518 Johannos
866 3452 1053 3537 predicabat

319 3576 372 3614 ³⁶⁶⁶
399 3557 438 3623 Iu
457 3559 583 3622 deser-to
606 3579 741 3644 regnum
763 3557 822 3634 dei,
845 3577 967 3622 necnon
991 3555 1172 3640 baptizabat

397 3662 563 3747 Baptismo
587 3663 761 3747 penitentie
782 3659 901 3727 Judeos
924 3663 958 3726 iu
981 3660 1129 3741 lucane„

398 3765 589 3852 Voluptates
612 3789 761 3853 respuens
783 3767 879 3832 huius
901 3768 966 3833 vite
987 3789 1075 3833 vano.

396 3871 448 3938 Ad
471 3873 556 3938 hunc
578 3872 758 3938 Jclranuam
780 3873 927 3938 domiuus
949 3871 1043 3938 Jesus
1065 3871 1212 3937 veniebat

396 3977 441 4044 Et
463 3979 504 4044 ab
527 4001 563 4044 eo
585 3978 741 4064 baptimi
764 3999 837 4044 cum
858 3978 970 4042 ceteris
995 3977 1129 4042 volebat.

318 4103 370 4142 aare
397 4083 570 4164 Johannes
595 4085 690 4148 adse
713 4084 875 4148 dominum
899 4083 1007 4148 videns
1029 4082 1206 4146 venientem

395 4191 440 4255 Et
462 4189 503 4254 ab
526 4211 562 4254 eo
584 4187 726 4254 fluminis
748 4189 942 4273 baptismum
966 4189 1188 4279 requirentem,

399 4293 473 4358 Ait:
501 4291 572 4358 »Ad
593 4315 653 4371 me,
677 4294 813 4371 domiue,
837 4298 874 4358 tu
897 4293 985 4358 venis
1008 4291 1174 4377 baptisari,

396 4395 481 4463 Ate
501 4419 575 4462 omn
597 4397 742 4462 deberem
765 4418 825 4481 ego
847 4417 904 4480 por
925 4396 1087 4462 lavacrum
1110 4393 1288 4460 mundari«
