2996 4924
784 365 825 432 68

384 544 428 608 Et
450 545 543 610 deum
564 544 598 608 in
621 541 794 608 virtutibus
817 543 875 608 bec
898 543 1003 608 dicens
1025 541 1246 608 collaudabat:

386 648 480 712 »Tibi
502 648 613 727 virtus,
636 648 740 734 gloria
762 669 897 731 superne
919 647 1096 734 dignitatis,

384 753 488 818 Decus
510 757 543 818 et
564 753 733 837 imperium
756 757 863 817 eterne
885 752 1070 830 maiestatis,

384 857 434 922 Sit
454 857 525 937 tibi,
548 859 635 938 deur,
658 858 803 923 conditor
825 858 924 922 totius
948 863 1100 938 creature,

306 981 357 1019 1⁸³⁶
384 962 480 1027 Pater
501 966 597 1047 atque
619 961 746 1048 genitor
768 962 905 1026 humane
927 961 1082 1048 geniture.

253 1134 257 1143 ,
388 1065 434 1133 Te
455 1067 561 1145 laudo,
584 1071 617 1132 te
638 1066 793 1153 glorifico,
816 1067 964 1138 todeum
986 1065 1142 1144 adorabo;

386 1171 433 1237 Te
454 1176 578 1256 patrem
600 1171 786 1250 honorifico,
809 1176 841 1236 te
863 1193 969 1258 regem
993 1172 1150 1238 exaltabo.

388 1275 742 1341 Nam-misericordiam
765 1280 801 1339 tu
822 1297 972 1362 magnam
995 1278 1160 1342 ostendisti

389 1382 480 1461 Mihi,
504 1382 588 1467 quod
610 1405 649 1447 ex
671 1380 818 1446 omnibus
840 1403 891 1446 me
913 1382 1016 1446 solum
1038 1381 1173 1467 elegisti,

312 1507 363 1544 1⁸¹⁰
391 1486 438 1553 Ut
460 1491 550 1550 tuum
574 1486 774 1572 unigenitum
797 1484 877 1549 mihi
898 1487 1142 1565 commendares,

391 1591 470 1656 Eius
493 1589 743 1654 incarnationem
765 1589 908 1674 mihique
929 1591 1094 1669 revelares,
1117 1599 1120 1606 '

393 1695 493 1772 Quem
515 1718 554 1759 ex
575 1695 638 1759 ista
660 1695 784 1782 virgine
806 1695 896 1760 video
919 1695 983 1760 iam
1005 1702 1134 1774 natum

394 1800 556 1883 Credoque
578 1821 633 1884 per
656 1799 804 1884 spiritum
826 1804 971 1864 sanctum
992 1800 1202 1866 incarnatum.

391 1905 453 1970 Hic
475 1909 523 1970 cst
544 1905 599 1969 ille
622 1927 700 1988 puer
721 1909 848 1969 sanctus
872 1927 966 1988 quem
988 1905 1250 1990 patriarcharum·

317 2029 367 2068 1⁸⁴⁶
394 2010 540 2076 Visiones
563 2007 841 2095 premonstrabant
862 2014 895 2073 et
917 2009 1294 2095 scriptaflprophetarum

393 2117 454 2180 Hic
475 2121 524 2181 est
546 2115 626 2200 lapis
649 2115 779 2180 visionis
802 2115 871 2200 regi
892 2099 1009 2201 magno
1032 2115 1127 2195 visus,

391 2221 453 2296 Qui
476 2221 539 2285 fuit
561 2221 628 2286 sine
649 2219 795 2286 manibus
818 2221 856 2284 de
877 2221 1040 2285 montibus
1061 2221 1193 2286 excisus.

392 2323 454 2388 Hic
476 2329 524 2389 est
546 2347 674 2408 serpens
697 2346 792 2388 enous
814 2323 848 2387 in
870 2324 992 2408 portica
1014 2347 1192 2409 suspensus,

393 2428 478 2492 Deus
501 2429 596 2493 homo
619 2451 768 2508 summus,
791 2429 884 2508 imus,
908 2452 1023 2514 parvus
1048 2437 1080 2495 et
1101 2431 1273 2496 immensus

316 2552 366 2590 1⁸⁶0
393 2533 455 2597 Hie
478 2535 559 2599 aries
582 2539 630 2598 est
651 2533 815 2599 Abraham
839 2557 897 2618 pro
919 2534 1009 2600 hacc
1030 2535 1167 2612 oblatus,

396 2638 492 2718 Deus,
515 2639 566 2702 dei
587 2639 672 2703 filius
696 2661 753 2723 pro
776 2640 867 2704 nobis
889 2641 1081 2706 incarnatus.

395 2744 455 2809 Hie
478 2749 525 2809 est
548 2765 599 2809 ros
622 2767 685 2830 quo
708 2745 830 2810 maduit
853 2745 942 2810 vellis
966 2745 1130 2826 Gedeonis,

395 2847 457 2912 Hic
479 2849 564 2933 iguis
586 2853 635 2913 est
657 2871 719 2933 quo
742 2849 871 2914 canduit
893 2849 991 2914 rubus
1014 2851 1154 2916 visionis.

395 2951 457 3017 Hic
479 2958 526 3018 est
549 2953 607 3017 flos
631 2952 686 3037 qui
708 2951 879 3036 pullulavit
902 2954 940 3019 de
962 2955 1066 3019 radice
1088 2953 1188 3035 lesse,

318 3075 369 3113 isos
397 3055 458 3132 Qui
479 3059 578 3124 totius
600 3058 696 3122 seculi
719 3057 858 3123 salvator
879 3058 973 3124 debet
995 3081 1071 3126 esse.

396 3161 458 3226 Hic
480 3168 528 3226 est
549 3185 666 3228 manna
688 3164 825 3247 positum
849 3165 882 3228 in
906 3165 1003 3229 archs
1024 3165 1216 3242 testamenti,

396 3265 582 3352 Tabulaque
604 3267 708 3349 Moysi
730 3268 828 3331 divini
852 3269 1041 3334 documenti.
1256 3335 1258 3338 .

398 3371 460 3435 Hio
483 3373 521 3436 de
543 3370 643 3436 Jacob
667 3374 770 3437 oriens
792 3378 841 3438 est
863 3374 1007 3458 figuralis
1030 3377 1131 3455 stella,

398 3475 459 3550 Qui
482 3499 540 3560 pro
561 3478 678 3542 mundo
701 3483 795 3542 natus
818 3483 866 3542 est
888 3480 926 3544 de
948 3481 1072 3565 virgine
1095 3482 1210 3566 puella,
1337 3545 1341 3551 .

320 3603 371 3638 reso
399 3581 460 3646 Hic
483 3588 592 3665 estque
616 3583 817 3666 propheticus
840 3605 918 3666 puer
941 3585 1031 3650 nobis
1054 3592 1158 3666 natus,

399 3686 590 3752 Hominibus
613 3691 644 3750 et
666 3687 789 3771 angelis
812 3687 895 3752 filius
919 3693 967 3753 est
988 3689 1090 3754 datus.

398 3792 460 3857 Hic
482 3799 530 3856 est
551 3814 638 3876 puer,
662 3791 720 3856 beo
742 3797 791 3856 est
813 3793 914 3878 virgo,
939 3816 1033 3878 quam
1056 3793 1125 3859 fore
1147 3799 1371 3880 concepturam

399 3896 607 3982 Propbctsvit
629 3895 728 3961 Isuiss
751 3903 783 3962 et
805 3899 897 3962 deum
921 3900 1106 3983 parituram.

806 4083 824 4120 ‘l‘

318 4248 384 4304 1845
404 4249 459 4304 und
482 4249 549 4302 1846
568 4248 662 4303 leblen
680 4249 710 4304 in
728 4247 761 4304 G.
846 4251 1059 4306 1848Wa1cher
1080 4269 1132 4308 von
1152 4249 1279 4305 Rheinau
1296 4253 1339 4317 60,
1356 4253 1389 4307 36

242 4336 301 4392 erin
312 4337 326 4392 ‘l
