3060 4936
791 365 855 428 214

248 539 352 623 inquit
385 539 487 620 idem,
513 539 609 620 Asia,
634 539 754 620 Africa,
776 537 873 603 Italia
902 537 1029 614 relicta,
1054 537 1256 603 Germaniam
1279 545 1400 624 peteret

247 644 416 710 informem
436 647 539 724 terris,
564 668 708 730 asperam
725 643 814 724 coelo,
840 643 965 708 tristem
988 647 1047 707 etc.
1092 641 1180 708 Dicit
1203 643 1302 710 etiam
1318 646 1398 710 idem

248 749 388 830 Tacitus,
412 753 496 836 quod
519 751 663 838 Tungari
686 752 763 816 olim
787 749 974 814 dicebantur
996 750 1056 813 soli
1080 747 1248 829 Germani,
1272 752 1400 836 etquis

248 853 397 920 Rhenum
420 858 620 943 transgressi,
643 856 751 922 Gallos
774 855 973 940 expulerunt,
997 877 1111 919 nomen
1135 878 1226 919 suurn
1251 855 1400 942 magnifi-

131 1011 136 1020 .
250 966 372 1040 carunt,
395 961 441 1026 ita
464 967 501 1028 ut
516 967 585 1027 tota
607 983 685 1048 gens
710 985 810 1047 usque
825 960 924 1025 Italos
940 959 1090 1026 Germani
1105 961 1295 1026 dicerentur.
1342 959 1398 1026 Sed

250 1071 282 1131 et
298 1066 463 1132 Gotfridus
486 1067 520 1131 in
544 1069 653 1132 metris
669 1065 863 1151 Panth[e]on
887 1065 1045 1150 particula
1060 1063 1104 1130 IX
1128 1066 1206 1130 dicit
1226 1065 1399 1130 Germanos

248 1173 414 1256 praedictos
430 1172 630 1257 Sycambros,
654 1178 686 1238 et
709 1173 785 1257 quia
802 1170 966 1258 Sycambri
982 1171 1117 1257 ingressi
1134 1172 1299 1257 regionem
1315 1172 1401 1236 intra

248 1275 397 1342 Rhenum
428 1283 460 1342 et
481 1277 665 1342 Danubium
688 1275 926 1341 habitatoribus
958 1276 1096 1361 expulsis
1120 1275 1271 1342 Germani
1297 1277 1399 1342 vocari

248 1383 433 1461 voluerunt,
466 1389 499 1448 et
522 1383 597 1467 quia
620 1381 757 1447 Romani
780 1385 813 1448 et
836 1380 985 1447 Germani
1009 1405 1028 1446 a
1050 1380 1147 1446 Troia
1170 1387 1341 1464 venerunt,
1370 1387 1402 1447 et

251 1489 326 1573 quia
340 1493 447 1573 patres
472 1494 503 1553 et
518 1489 695 1552 confratres
718 1493 794 1552 suut
815 1488 966 1552 aestimati
981 1487 1179 1572 temporibus
1202 1489 1400 1552 vetustorum

249 1593 425 1658 homiuum.
466 1593 525 1658 Vel
541 1594 713 1659 secundum
725 1591 979 1658 Catholicanem¹
993 1590 1163 1657 Germania
1179 1592 1296 1660 dicitur
1311 1593 1402 1677 quasi

252 1700 435 1782 germinans
450 1699 768 1778 immaneshomines,
783 1720 940 1782 proceros,
957 1697 1092 1783 grandia
1104 1695 1259 1762 habentes
1270 1720 1403 1783 corpora

251 1809 283 1869 et
306 1807 537 1889 quodammodo
571 1809 773 1870 monstruoso
806 1810 948 1890 respectu
982 1803 1116 1868 aliarum
1138 1803 1294 1889 gentium.
1342 1803 1401 1868 Vel

250 1911 367 1975 dicitur
399 1911 648 1996 egerminando
677 1914 710 1974 et
731 1911 856 1990 mania,
887 1911 978 1994 quasi
1006 1909 1090 1974 dicas
1113 1910 1248 1989 t'uriam,
1278 1931 1338 1994 pro
1368 1931 1403 1974 eo

250 2016 334 2100 quod
352 2016 440 2101 regio
463 2016 526 2080 ista
541 2021 674 2101 generat
689 2019 818 2100 gentem
839 2015 991 2080 l'uriosam
1005 2013 1027 2080 ⁹.
1074 2012 1159 2080 Nom
1176 2013 1328 2080 Germani
1344 2019 1401 2078 etc.

338 2223 429 2292 Golu.
452 2225 514 2292 l.I
545 2249 571 2292 c.
603 2226 683 2291 lde
714 2226 893 2291 Theutonia
916 2247 940 2290 s.
975 2225 1016 2290 59
1041 2248 1066 2290 z.
1091 2227 1120 2290 3.
1174 2223 1262 2289 Ulm.
1296 2249 1321 2291 s.
1353 2224 1402 2305 17,

250 2355 275 2396 z.
301 2333 319 2396 7
346 2357 375 2399 v.
399 2357 431 2397 u.

337 2437 519 2502 Theutonia
533 2461 552 2501 a
571 2439 706 2522 quodam
728 2443 866 2522 tyranno
881 2437 914 2500 in
936 2459 974 2502 ea
986 2441 1140 2521 regnante
1156 2435 1240 2501 dicto
1262 2423 1419 2502 Theuto·¹

250 2542 343 2607 modo
373 2543 423 2607 vel
446 2543 609 2608 Theudolo
640 2543 689 2608 vel
713 2543 943 2607 Theutobaldo.
989 2541 1154 2607 cornelius
1178 2540 1332 2607 Tacitus³
1365 2543 1400 2606 de

251 2647 319 2711 vita
335 2651 366 2711 et
382 2647 523 2712 moribus
540 2647 716 2712 Germaniae
732 2647 809 2711 dicit
824 2646 1001 2731 antiquitus
1017 2645 1115 2712 fuisse
1131 2647 1213 2732 apud
1228 2647 1402 2713 Germanos

251 2752 489 2816 celeberrimum
505 2775 610 2839 regem
624 2753 823 2830 Tuisconem,
840 2775 934 2837 quem
950 2752 1099 2817 chronica
1115 2757 1257 2818 veterum
1271 2755 1282 2788 ⁴
1300 2753 1400 2819 Deum

251 2863 344 2922 terrae
359 2858 461 2922 filium
486 2881 552 2924 esse
567 2859 734 2939 sonabant,
759 2882 777 2922 a
801 2881 864 2943 quo
886 2862 955 2923 tota
977 2858 1066 2945 regio
1082 2857 1263 2924 Theutonia
1278 2860 1402 2936 dicitur,

252 2964 337 3046 quod
352 2987 482 3042 ,nomen
515 2963 609 3029 hodie
641 2965 724 3049 apud
756 2963 888 3049 vulgum
921 2969 1028 3028 manet
1058 2969 1090 3028 et
1121 2963 1348 3030 Teuschland⁸
1386 2989 1403 3029 a

252 3067 407 3134 Tuiscone
422 3071 607 3134 nominatur
617 3069 638 3136 ⁶.
686 3069 748 3134 Hic
763 3069 879 3134 Tuisco
894 3069 1055 3134 habitasse
1070 3071 1210 3136 creditur
1231 3071 1266 3135 in
1283 3070 1402 3150 Tuitio,

252 3175 343 3259 eique
374 3175 446 3239 urbi
479 3197 594 3240 nomen
625 3198 718 3239 suum
750 3173 895 3240 contulit.
950 3175 1095 3240 Tradunt
1128 3175 1224 3241 etiam
1262 3181 1403 3241 veterum

253 3279 403 3360 historiae,
427 3279 570 3344 Tuitium
592 3280 691 3346 fuisse
714 3281 871 3366 insignem
897 3281 1023 3358 urbem,
1057 3282 1217 3365 quondam
1239 3278 1403 3366 principi’

252 3385 391 3450 Deorum
409 3386 621 3466 sacerrimam,
643 3387 677 3450 in
701 3409 765 3471 qua
780 3386 988 3472 singulariter
1003 3407 1022 3450 a
1037 3385 1212 3472 gentilibus
1228 3385 1402 3452 colebatur.

252 3490 337 3556 Nam
361 3497 532 3576 antequam
548 3491 746 3556 coloniensis
770 3492 909 3564 civitatis
932 3492 1017 3556 iacta
1033 3491 1166 3556 fuissent
1188 3492 1405 3571 fundamenta,

253 3602 322 3660 erat
349 3597 416 3660 haec
446 3597 479 3661 in
504 3597 599 3676 flore,
632 3597 666 3660 iu
690 3619 753 3682 qua
784 3602 816 3662 et
838 3595 978 3662 Saxones
1007 3619 1040 3661 se
1062 3598 1159 3661 tutati
1190 3603 1267 3662 sunt
1296 3604 1407 3664 contra

255 3700 403 3765 Catulum
421 3700 586 3786 Magnum,
611 3723 682 3766 oum
698 3702 813 3787 quibus
829 3701 947 3767 multos
963 3701 1129 3768 conflictus
1144 3703 1269 3782 habuit,
1290 3727 1406 3790 eosque

820 3848 838 3886 a

326 3931 338 3982 1
359 3929 394 3984 So
412 3929 504 3984 haben
525 3929 585 3985 Sch.
604 3929 662 3984 und
681 3929 724 3984 Kl.
796 3931 813 3983 2
838 3929 950 3984 Dicitur
967 3928 1054 3984 etiam
1073 3928 1262 3984 Germanica
1279 3929 1407 3999 germine

253 4018 282 4070 et
300 4016 403 4080 mania,
423 4017 503 4086 quasi
525 4016 601 4072 dicat
619 4017 722 4072 furiam
742 4036 792 4088 pro
811 4035 857 4083 eo,
882 4016 956 4086 quod
983 4017 1061 4085 regio
1079 4015 1136 4070 ista
1154 4020 1272 4087 generat
1290 4020 1406 4087 gentem

253 4104 395 4162 furiosam.
415 4104 495 4162 Gold.
533 4107 589 4162 Das
621 4107 719 4178 iibrige
748 4107 791 4162 bis
819 4126 853 4161 zu
871 4105 941 4162 ende
968 4105 1061 4160 haben
1090 4105 1150 4160 Sch.
1175 4105 1218 4159 Kl.
1246 4106 1304 4160 und
1324 4106 1406 4162 Gold.

254 4195 271 4247 3
290 4193 433 4250 Cornelius
458 4195 571 4249 Tacitus
591 4197 632 4250 bis
651 4196 785 4252 Tuitonia
802 4195 905 4250 dicitur
925 4193 999 4248 fehlt
1023 4193 1068 4247 bei
1092 4192 1216 4250 Goldast.
1287 4196 1305 4248 4
1322 4211 1407 4264 quem

254 4283 424 4337 carminibus
449 4285 575 4337 veterum
599 4285 673 4340 Mon.
699 4285 724 4338 2.
823 4285 839 4337 5
864 4281 1041 4337 Teuschland
1064 4281 1124 4340 Soh.
1151 4283 1195 4336 Kl.
1249 4281 1407 4336 Tuithland

256 4371 328 4425 Mon.
348 4373 372 4424 2.
410 4371 425 4424 6
444 4371 493 4425 der
511 4371 578 4441 fulg.
597 4375 657 4426 sata
671 4373 743 4428 fehlt
764 4371 809 4427 bei
822 4373 895 4428 Mon.
908 4371 943 4436 2.,
962 4369 1080 4425 welcher
1098 4369 1215 4425 beisetat
1233 4373 1283 4425 etc
1301 4369 1409 4438 dequo

256 4458 318 4513 vide
336 4459 428 4527 plura.
501 4460 516 4510 7
536 4459 689 4529 principem
708 4459 830 4514 schreibt
849 4461 922 4516 Mon.
941 4461 1003 4514 211.
1024 4457 1086 4523 lit,
1104 4457 1179 4511 wohl
1198 4456 1405 4512 schreihsehler.
