3080 4938
644 1273 1022 1360 lnhaltatbereicht.

552 1485 643 1553 MSS.

383 1594 458 1676 (mit
482 1615 572 1658 ausn.
596 1616 625 1658 v.
650 1591 737 1658 Mon.
765 1591 807 1676 l.)

259 1695 429 1762 Tractatus
452 1699 490 1763 de
513 1698 641 1764 civitate
664 1697 809 1763 ulrnensi.

298 1889 501 1958 Prooemium.

256 1995 435 2081 Principale
464 1996 490 2062 I.
535 1997 584 2062 De
614 1995 766 2062 ulmensis
797 1996 935 2061 civitatis

299 2102 422 2188 origine
444 2106 477 2168 et
500 2101 702 2186 antiquitate.

256 2205 436 2291 Principale
466 2205 508 2272 ll.
553 2206 601 2272 De
631 2229 780 2272 mensura
810 2206 936 2290 antiqui

300 2311 408 2397 oppidi
431 2317 463 2378 et
485 2314 552 2378 eius
574 2313 741 2396 parvitate.

344 2415 373 2481 1.
419 2416 467 2482 De
490 2417 623 2502 antiqno
646 2417 772 2502 oppido.

342 2523 372 2586 2.
418 2521 582 2598 Quomodo
626 2521 724 2588 Ulma
761 2524 836 2586 data
872 2521 936 2586 fuit

419 2624 517 2692 Owiae
540 2627 678 2714 Magnae.

261 2729 438 2815 Principale
457 2729 519 2798 ΠΙ.
564 2731 612 2798 De
629 2733 695 2798 eius
711 2733 933 2812 destructione,

299 2836 551 2916 reaedificatione,
574 2837 778 2922 ampliatione
796 2841 827 2902 et
841 2858 934 2923 mog-

301 2942 454 3006 nitudine.

344 3048 372 3113 l.
420 3047 586 3124 Quomodo
621 3047 734 3112 civitas
773 3047 934 3113 destructa

422 3155 455 3216 et
478 3150 671 3216 reaedificata
692 3151 764 3217 init.

343 3257 372 3320 2.
421 3255 539 3321 Forma
561 3256 610 3321 vel
633 3256 729 3322 facies
752 3257 902 3323 civitatis.

128 3407 132 3415 ·
254 3359 435 3445 Principale
449 3359 507 3426 IV.
545 3361 594 3426 De
615 3361 725 3446 populi
738 3364 804 3427 eins
817 3363 850 3427 in
862 3387 933 3449 sep·

299 3470 363 3531 tem
387 3466 512 3531 ordines
537 3470 569 3531 et
585 3466 752 3532 societates
768 3468 932 3534 divisione.

345 3572 373 3635 l.
420 3569 469 3636 De
492 3571 717 3637 sacerdotibus.

344 3675 373 3739 2.
419 3674 468 3740 De
490 3675 662 3740 nobilibus.

342 3779 372 3843 3.
420 3777 468 3845 De
490 3779 662 3866 principali
686 3782 804 3848 ordine.

254 3889 317 3956 (Die
344 3890 525 3962 regiorenden
549 3892 752 3963 gesehlechter,
780 3895 935 3967 patricier.)

341 3991 370 4054 4.
416 3989 501 4056 Ordo
524 3992 641 4056 civium
665 3996 808 4076 quartus.

338 4135 339 4138 =
366 4101 427 4170 (Die
445 4118 501 4157 von
520 4103 568 4158 der
587 4105 675 4173 guten
695 4103 824 4175 gamain.)

343 4201 372 4265 5.
419 4197 653 4285 Negotiatores.

343 4305 372 4369 6.
418 4302 638 4369 Laboratores.

346 4405 373 4474 7.
420 4407 583 4474 Forenses

1005 1485 1138 1551 Goldast
1160 1485 1225 1548 und
1248 1481 1334 1547 Mon.
1361 1480 1387 1543 1.

992 1590 1144 1656 Historia
1176 1588 1300 1686 Sueviae
1330 1585 1407 1650 liber

1116 1695 1281 1761 secundus

1102 1889 1194 1956 fehlt.

1102 2048 1192 2113 fehlt.

1102 2258 1194 2324 fehlt.

1099 2415 1190 2481 fehlt.

1057 2575 1160 2660 Caput
1192 2572 1234 2638 ll.
