3072 4936
693 371 735 435 93

138 567 221 631 saepe
245 551 404 612 rexerunt.
449 546 534 610 Dum
557 549 664 610 autem
687 549 759 609 actu
783 544 1026 628 descriptionem
1050 544 1136 609 illius
1159 541 1289 608 familiae

138 652 325 730 formarem,
348 651 445 715 altius
468 651 535 715 eins
558 651 659 734 reperi
682 651 827 730 initium,
856 651 939 735 quod
971 651 1005 714 in
1027 673 1139 716 manns
1163 671 1290 714 sumens

138 757 300 842 praedictis
331 762 498 822 annectere
529 757 647 822 curavi.
700 755 785 822 Nam
815 757 892 821 olim
921 757 985 820 iam
1015 755 1091 820 dicti
1123 754 1290 840 Umgelter

139 863 327 928 dicebantur
350 863 471 928 domini
493 864 533 928 de
554 862 648 927 Huvo
666 861 695 940 Ι;
719 866 858 927 castrum
880 863 1018 927 eiusdem
1034 861 1172 925 nominis
1187 861 1289 943 possi·

139 969 249 1033 dentes
271 968 305 1032 in
330 967 491 1052 Argowia,
514 967 699 1033 militabant
721 989 847 1052 quoque
869 969 928 1032 sub
944 965 1112 1032 comitibus
1129 966 1167 1030 dc
1184 965 1291 1030 Habs·

139 1095 232 1159 purg.
278 1073 363 1137 Dum
386 1077 492 1138 autem
515 1071 636 1138 Suiceri
659 1072 771 1138 saevire
793 1075 826 1137 in
849 1071 971 1137 nobiles
1002 1071 1178 1155 cepissent,
1206 1069 1290 1154 pulsi

139 1182 216 1244 sunt
237 1178 357 1243 domini
381 1179 419 1243 de
441 1179 553 1258 Huve,
577 1184 609 1243 et
631 1180 665 1243 in
689 1177 953 1266 Westrangiam²
986 1179 1221 1262 conmigrantes
1245 1177 1291 1240 ibi

140 1285 203 1349 sibi
225 1286 314 1349 sedes
337 1286 538 1368 conquirunt.
585 1284 710 1351 Interea
740 1286 827 1350 facta
856 1285 919 1349 fuit
945 1283 1076 1369 grandis
1107 1281 1291 1346 convocatio

139 1389 297 1454 nobilium
320 1389 403 1473 apud
427 1387 639 1454 Wormatiam
662 1391 701 1455 ad
726 1394 997 1468 torneamentum,
1026 1389 1065 1453 ed
1088 1387 1172 1472 quod
1195 1387 1291 1452 etiarn

141 1495 261 1561 domini
284 1496 322 1559 de
345 1493 438 1559 Huve
462 1501 633 1572 venerunt,
665 1496 750 1562 inter
773 1518 851 1580 quos
874 1499 966 1559 erant
996 1494 1058 1558 duo
1088 1492 1203 1558 fratres
1226 1491 1292 1556 dis-

140 1601 249 1666 cordes
272 1622 367 1684 seque
389 1599 422 1664 in
446 1600 521 1666 ludo
544 1601 638 1667 simul
661 1603 822 1667 hostiliter
838 1601 1011 1679 caedebant,
1034 1601 1081 1665 ita
1103 1598 1186 1683 quod
1210 1621 1292 1662 unus

142 1707 278 1772 alterum
303 1707 486 1789 prostravit.
531 1730 593 1791 quo
620 1708 709 1772 facto
740 1707 837 1772 scissa
868 1711 916 1770 est
945 1705 1041 1789 stirps
1072 1703 1129 1769 illa
1157 1705 1191 1768 in
1214 1704 1292 1767 duas

144 1817 261 1897 partes,
285 1811 322 1875 de
346 1811 461 1895 quibus
485 1835 548 1876 una
571 1835 645 1896 pars
668 1837 792 1878 reversa
815 1817 863 1878 est
884 1813 918 1875 in
943 1809 1199 1896 Westrangiam,
1230 1809 1294 1874 alia

142 1917 334 2001 sequebatur
356 1917 557 1999 imperatoris
581 1916 733 1982 Friderici
756 1918 850 2001 primi
873 1918 1007 1994 curiam,
1031 1937 1195 2000 quousque
1224 1914 1291 1978 eius

142 2022 251 2108 gratia
273 2021 380 2106 aliquo
402 2021 435 2085 in
466 2022 535 2086 loco
558 2023 809 2105 providerentur.
856 2021 971 2107 Sioqne
1003 2021 1192 2106 Rlitlingam
1214 2020 1293 2084 civi-

142 2132 242 2193 tatem
265 2125 384 2192 factam
407 2131 604 2210 acceperunt,
627 2151 760 2212 eamque
783 2127 837 2191 din
861 2128 998 2211 gloriose
1021 2127 1237 2211 gubernantes
1261 2129 1294 2188 et

142 2233 260 2298 amisso
284 2254 341 2296 suo
363 2233 490 2297 nomine
505 2231 662 2315 Ungelter
678 2233 830 2317 appellari
846 2236 1019 2316 creparent,
1042 2234 1080 2296 ut
1098 2231 1293 2307 dictumest,

142 2338 270 2404 atinde
293 2336 422 2403 Utinam
446 2339 691 2422 commigrantes
714 2338 942 2422 rempublicam
973 2337 1066 2402 bonis
1095 2339 1128 2400 et
1149 2334 1292 2418 personis

142 2444 243 2508 illatis
266 2443 438 2526 plurimum
462 2448 628 2522 auxerunt,
652 2443 736 2507 inter
759 2465 837 2526 qnos
861 2442 979 2507 milites
1002 2439 1213 2506 strenuissimi
1238 2459 1294 2503 ex-

141 2550 298 2626 titerunt,
327 2549 365 2612 de
396 2548 511 2632 quibus
536 2547 635 2632 aliqui
657 2548 694 2611 in
714 2545 908 2633 Rlitlingen,
942 2546 1041 2630 aliqui
1068 2547 1102 2609 in
1125 2543 1222 2610 Ulma
1254 2542 1293 2606 ad

142 2653 376 2739 praedicatores,
401 2652 501 2737 aliqui
523 2653 555 2716 in
579 2653 731 2735 parocbia
752 2652 868 2735 sepulti
892 2656 975 2716 sunt.
1024 2651 1072 2714 Ex
1095 2650 1156 2714 hac
1170 2647 1294 2714 familia

144 2759 282 2824 vidimus
304 2759 337 2822 in
361 2757 457 2824 Ulma
472 2762 614 2822 maturos
630 2763 663 2822 et
678 2757 847 2840 prudentes
862 2757 958 2836 viros,
981 2756 1152 2842 magistros
1167 2753 1294 2832 civium,

143 2865 274 2943 iudices,
298 2863 452 2942 consules,
475 2867 508 2928 et
530 2861 725 2949 dignitatum
748 2861 910 2927 officiales.

587 3036 853 3106 Neithart³.

233 3181 489 3247 Nithartensium
505 3181 726 3265 spectabilium
743 3180 882 3244 virorum
904 3177 1044 3244 civitatis
1061 3177 1221 3244 Ulmcnsis
1237 3199 1296 3242 no·

143 3289 219 3353 bilis
243 3287 376 3366 familia,
400 3291 555 3372 quantum
579 3285 720 3350 humano
743 3284 849 3350 studio
871 3283 946 3349 sciri
970 3287 1090 3366 potest,
1118 3305 1135 3347 e
1158 3280 1296 3360 Noricis,

145 3393 361 3458 vetustissima
385 3391 580 3456 Bavarorum
611 3397 707 3476 gente
734 3391 811 3455 olim
841 3413 879 3455 ex
901 3387 1050 3454 Armenia
1080 3388 1296 3466 descendente,

144 3503 252 3563 ortum
277 3497 393 3574 habct;
417 3519 512 3580 quam
536 3497 690 3562 credimus
706 3495 841 3561 Nithart
862 3495 1059 3559 nominatam
1080 3513 1145 3556 non
1168 3491 1297 3556 avitiis

145 3605 223 3681 irae,
248 3602 312 3666 odii
328 3606 360 3666 et
374 3601 523 3680 invidiae,
546 3625 618 3666 cnm
634 3601 699 3665 sint
713 3601 858 3665 homines
874 3597 1006 3684 pacifici,
1025 3603 1141 3662 natura
1156 3596 1297 3676 sociales,

145 3707 279 3774 humani
301 3711 333 3771 et
355 3706 628 3786 communicativi,
668 3706 721 3771 sed
754 3705 838 3770 forte
861 3729 880 3769 a
902 3701 1126 3786 singularitate
1148 3701 1296 3781 fortuna,

146 3819 203 3878 aut
226 3813 267 3876 ab
291 3811 458 3876 excellenti
480 3812 670 3876 strenuitate
693 3815 746 3876 aul
771 3815 855 3876 certe
878 3833 896 3874 a
918 3807 1055 3873 ferventi
1070 3805 1136 3872 zelo
1154 3807 1295 3872 iustitia.

146 3919 327 4003 quicunque
350 3916 433 3981 enim
457 3939 533 4002 prae
554 3915 667 3982 octena
690 3921 738 3981 est
753 3915 936 3981 fortunatus
959 3918 1015 3978 aut
1030 3934 1107 3998 prae
1122 3911 1193 3978 aliis
1216 3917 1297 3978 stre·

712 4021 729 4056 ὴ

223 4100 235 4154 l
257 4097 324 4152 Hwe
341 4097 415 4154 Mon.
428 4099 452 4152 2.
473 4098 534 4154 Scb.
548 4098 634 4154 Wibl.
648 4097 691 4152 Kl.
705 4097 776 4154 Bess.
815 4098 877 4151 Her
895 4095 1015 4152 Schmid.
1035 4094 1158 4150 naehhar
1174 4093 1300 4148 dereslbe

148 4188 223 4242 How.
261 4185 424 4241 HorreGolr.
462 4187 502 4241 lst
526 4187 577 4241 das
600 4209 635 4234 =
661 4187 702 4240 Au
721 4185 760 4239 im
780 4183 915 4254 dargan?
986 4181 1212 4250 2Westraglnm
1225 4179 1298 4234 Besa.

148 4273 234 4330 Wohl
251 4293 287 4320 =
302 4271 449 4336 Westrich.
470 4273 520 4328 das
537 4273 730 4338 Westerreich,
750 4271 885 4327 salechan
911 4271 1093 4341 lothringen,
1114 4267 1298 4336 Luxemburg,

148 4361 285 4431 Llrnbnrg
303 4359 361 4415 und
379 4361 428 4416 der
447 4359 535 4416 Piala.
623 4361 699 4417 3De
718 4357 948 4415 Nithartensibus
974 4358 1049 4415 Mon.
1077 4358 1101 4411 2.
1128 4354 1196 4412 Golr.
1225 4353 1298 4412 Base.

147 4449 294 4507 Neuthart
313 4448 375 4505 aen.
394 4449 437 4504 Kl.
457 4447 543 4504 Wibl.
