3072 4936
733 392 774 462 79

179 571 332 659 ignobilis
365 577 566 659 pugnaturus
598 572 794 638 nobilitetur.
828 573 903 656 quia
932 573 1006 637 talis
1034 594 1142 658 pugna
1172 572 1239 637 fieri
1264 589 1327 637 non

179 682 285 761 potest
300 678 457 744 nisiinter
471 678 616 763 aequales,
633 682 670 743 ut
684 681 776 742 notat
790 679 897 763 glossa
912 679 951 742 ad
967 701 993 742 c.
1010 679 1048 742 de
1060 701 1136 762 pace
1151 679 1286 743 tenenda
1299 678 1327 744 ¹!
1351 683 1357 692 '

267 782 318 848 Ex
339 782 399 848 hac
423 785 562 868 ingenua
585 783 709 848 familia
731 783 794 846 fuit
817 787 941 848 creatus
964 784 1085 867 primus
1108 784 1261 866 magister
1283 783 1327 847 ci·

178 889 264 952 vium
287 887 425 953 civitatis
448 889 598 954 ulmensis
613 889 740 973 quando
755 887 904 953 inchoata
917 888 982 954 fuit
996 889 1143 966 civilitas,
1167 893 1199 952 et
1213 888 1324 953 multis

180 992 272 1057 annis
294 993 475 1059 felicissime
497 995 530 1058 in
554 1015 611 1058 suo
633 993 744 1058 ordine
767 993 858 1057 rexit.
882 1015 918 1058 er
944 1015 981 1058 ea
1004 995 1099 1058 etiem
1123 992 1187 1058 fuit
1209 993 1328 1059 electus

180 1097 300 1181 primus
322 1099 377 1183 qui
394 1099 533 1184 primum
548 1097 685 1184 lapidem
700 1097 787 1162 illius
803 1097 991 1182 percelebris
1007 1103 1175 1164 structurae
1192 1101 1328 1166 ecclesiae

181 1202 281 1267 beatae
296 1201 442 1290 Virginis
457 1205 490 1268 in
506 1201 604 1270 Ulma
619 1203 653 1268 in
668 1201 876 1267 fundamento
892 1201 1019 1283 locavit,
1044 1209 1080 1268 ut
1096 1227 1193 1289 supra
1209 1206 1328 1271 dictum

179 1305 262 1372 est².
309 1309 372 1390 Ile,
396 1309 480 1394 quod
501 1308 553 1374 his
576 1307 713 1393 amplius
735 1311 800 1386 est,
837 1308 958 1392 primus
982 1308 1133 1374 fundator
1155 1313 1328 1375 conventus

179 1411 317 1478 fratrum
340 1415 584 1498 praedicatorum
615 1435 652 1478 ex
676 1412 736 1478 hac
766 1412 890 1478 familia
912 1413 975 1479 fuit
997 1414 1132 1501 insignis
1154 1415 1203 1480 vir
1225 1415 1328 1480 dictos

179 1518 330 1604 antiquus
347 1519 462 1585 Kraffc.
508 1519 570 1596 Qui
592 1518 726 1584 fundato
748 1522 905 1584 conventu
928 1523 960 1584 et
976 1519 1087 1603 positis
1110 1519 1264 1585 fratribus
1279 1543 1344 1600 se·¹

179 1624 343 1709 pulturam
359 1609 449 1690 suam
465 1623 631 1702 transtulit
647 1625 684 1688 ad
702 1621 854 1707 capellam
881 1644 1035 1689 annexam
1052 1623 1149 1690 choro
1172 1623 1325 1690 Praedioe·

179 1733 304 1810 torum,
335 1732 368 1795 in
398 1753 461 1816 qua
492 1751 550 1814 pro
582 1729 711 1814 perenni
743 1729 895 1794 memoria
927 1730 1144 1814 quotidianam
1168 1729 1328 1795 ordinavit

182 1835 312 1900 missam
335 1857 407 1901 cum
430 1835 628 1920 lampadibus
652 1835 773 1898 duabus
789 1834 948 1918 perpetuis
972 1839 1003 1898 et
1023 1841 1116 1920 grata
1140 1837 1276 1900 fratrum
1292 1857 1328 1899 ac

181 1936 274 2024 larga
296 1939 485 2022 provisione.
532 1939 659 2004 Mortuo
691 1942 797 2004 autem
827 1939 896 2003 viro
924 1939 981 2004 illo
1009 1925 1169 2006 catholico
1187 1941 1329 2025 sepultus

180 2041 245 2107 fuit
267 2043 299 2108 in
316 2043 460 2130 sepulcro
483 2046 565 2130 quod
583 2067 640 2130 pro
663 2065 696 2109 se
712 2049 744 2109 et
766 2045 831 2108 suis
847 2049 1014 2128 paraverat
1036 2067 1107 2110 cum
1123 2045 1328 2111 subterraneo

181 2149 378 2215 testudinato
411 2173 505 2235 specu
538 2151 577 2215 ad
609 2149 834 2215 Praedicatores
867 2150 901 2215 in
936 2151 1057 2235 capella
1095 2151 1229 2236 praefata
1262 2149 1329 2218 Soti

180 2251 334 2336 Joannis,
366 2277 460 2342 super
492 2257 580 2321 cuius
603 2254 783 2341 sepulcrum
811 2255 941 2342 grandis
963 2257 1069 2340 posita
1092 2261 1139 2321 est
1162 2259 1252 2341 petra
1274 2257 1326 2322 de·

181 2362 295 2424 aurata
326 2381 397 2425 cum
420 2361 599 2446 insignibus
630 2382 790 2425 armorum
813 2365 845 2425 et
868 2361 1048 2446 epitaphio,
1080 2365 1168 2426 cuius
1191 2361 1259 2426 baec
1281 2365 1328 2426 est

179 2463 355 2548 scriptura:
380 2465 474 2530 Anno
490 2465 610 2531 domini
628 2466 711 2531 1298
728 2467 760 2530 in
783 2466 833 2531 die
849 2466 1017 2551 epiphanie
1033 2466 1114 2532 obiit
1138 2467 1197 2532 dns
1212 2465 1327 2532 Krefto

180 2567 332 2654 antiquus
366 2571 470 2635 scriba
502 2570 653 2636 fundator
682 2575 798 2635 noster.
846 2571 915 2636 Hoc
947 2573 1145 2657 epitaphium
1177 2571 1253 2637 licet
1286 2571 1329 2636 sit

180 2673 367 2758 simpliciter
389 2677 546 2762 positum,
578 2676 646 2742 sine
668 2676 772 2742 colore
795 2676 963 2758 rhetorico,
987 2678 1048 2743 viri
1072 2683 1179 2744 tamen
1202 2677 1329 2764 magni-

178 2777 340 2845 ficentiam
370 2781 479 2865 paucis
510 2785 542 2846 et
572 2781 749 2846 luculenter
779 2781 937 2866 exprimit.
989 2781 1065 2848 Tria
1105 2783 1190 2848 enim
1222 2783 1260 2848 de
1292 2805 1329 2847 eo

179 2884 320 2970 insignia
343 2885 500 2952 enunciat.
548 2885 654 2951 Primo
676 2887 815 2953 natalem
835 2888 1036 2954 nobilitatem
1058 2887 1175 2954 militia
1198 2887 1326 2952 decora·

178 2989 299 3054 tamin
324 2992 466 3076 eoquod
490 2991 567 3058 dicit
589 2991 734 3056 dominus
758 2991 891 3072 Krafto,
916 2993 1006 3078 quia,
1031 3017 1101 3058 oum
1125 2991 1242 3058 Krafto
1265 2993 1329 3058 fuit

178 3115 315 3180 genere,
346 3096 464 3162 nobilis
488 3103 565 3172 erat,
590 3103 621 3162 et
645 3096 720 3181 quia
741 3097 847 3176 miles,
877 3097 1023 3162 dominus
1045 3103 1094 3163 est
1116 3102 1327 3181 nuncupatus,

178 3199 301 3264 nobiles
332 3206 436 3266 autem
468 3201 536 3267 sine
567 3202 683 3266 militia
712 3201 869 3268 domicelli
902 3203 1069 3282 dicuntur,
1100 3226 1171 3268 cum
1202 3201 1328 3280 militia,

177 3305 308 3382 domiui,
331 3311 369 3370 ut
384 3305 481 3372 habet
495 3329 571 3372 usus
587 3308 771 3373 communis.
818 3305 907 3374 Sicut
922 3309 1006 3372 eninr
1028 3309 1171 3373 doctores
1186 3307 1220 3372 in
1235 3308 1328 3386 clero,

178 3407 226 3474 ita
248 3409 365 3475 milites
388 3409 472 3476 inter
486 3411 609 3477 nobiles
632 3419 707 3477 sunt
729 3413 854 3498 ingenti
877 3414 1090 3499 praerogativa
1112 3412 1328 3498 praevalentes,

178 3517 229 3598 (ut
250 3513 368 3600 legitur
389 3520 422 3580 et
443 3521 574 3582 notatur
591 3519 610 3582 6
627 3519 643 3598 ξ
662 3521 676 3582 1
696 3517 728 3582 ff.
753 3518 780 3582 si
804 3519 875 3604 quis
899 3519 936 3584 de
958 3518 1153 3584 militibus..
1170 3568 1176 3582 .
1192 3517 1230 3600 ³),
1254 3517 1329 3602 quia

178 3617 295 3685 militia
318 3625 367 3687 est
382 3620 533 3707 dignitas,
558 3622 607 3708 (ut
623 3623 740 3690 ibidem
763 3623 880 3690 dicitur
902 3647 928 3690 c.
945 3623 1125 3688 militare..
1140 3623 1168 3708 ⁴)
1192 3627 1225 3689 et
1239 3621 1329 3688 miles

744 3763 760 3800 *

250 3863 262 3916 1
283 3863 449 3936 [l'eudorom
468 3865 487 3919 l.
508 3863 542 3917 ll.
562 3863 607 3920 tit.
626 3867 669 3928 27,
688 3867 712 3920 3.
733 3865 756 3918 si
776 3865 856 3919 miles
876 3865 939 3934 elo]
985 3867 1017 3920 ut
1035 3883 1078 3920 no.
1098 3865 1154 3936 glo.
1173 3869 1202 3921 et
1220 3865 1249 3920 li.
1270 3866 1328 3921 lau.

176 3969 199 4004 o.
218 3949 253 4005 de
270 3967 339 4021 poce
358 3950 480 4006 tenenda
503 3951 587 4007 Woll.
625 3955 657 4006 ut
676 3970 718 4008 no.
739 3953 795 4020 glo.
814 3957 843 4007 et
867 3951 895 4006 li.
927 3953 974 4008 lau
1002 3969 1023 4008 c.
1050 3951 1084 4007 de
1109 3969 1176 4022 pace
1207 3952 1329 4008 tenenda

177 4035 250 4092 lion.
269 4039 294 4102 2,
331 4041 363 4093 ut
382 4041 439 4095 not.
458 4040 497 4110 gl.
516 4055 537 4095 c.
557 4039 591 4094 de
609 4056 669 4110 pac.
690 4043 746 4094 ten.
766 4037 865 4096 Schad.
903 4043 935 4094 ot
948 4043 1008 4096 not.
1028 4040 1066 4109 gl.
1087 4057 1108 4094 c.
1128 4039 1163 4095 de
1176 4043 1249 4110 poet.
1270 4041 1327 4095 ten.

178 4123 262 4179 Wibl.
282 4125 403 4180 Schmid.
440 4125 486 4181 Nil
514 4127 566 4182 nisi
593 4131 645 4182 ete.
669 4127 738 4183 Golr.
773 4127 812 4181 nil
841 4127 891 4180 nisi
918 4127 991 4181 inter
1019 4127 1141 4196 aequmes
1165 4133 1215 4181 etc.
1245 4125 1328 4188 Besa..

176 4211 257 4269 beide
267 4213 357 4268 lescen
369 4213 419 4269 das
429 4213 501 4268 citat
514 4232 581 4284 weg.
610 4217 626 4269 2
641 4233 661 4268 e.
673 4215 714 4270 38.
745 4219 761 4270 3
774 4215 807 4270 le
819 4217 849 4271 et
859 4217 951 4271 nasa
965 4219 975 4270 l
988 4215 1082 4285 siquis
1094 4215 1327 4274 demilitibusKl.

176 4299 210 4353 le.
230 4303 259 4354 et
276 4319 320 4354 no.
345 4301 377 4354 Vl
402 4303 452 4356 91
478 4301 505 4356 ff.
526 4303 628 4374 siquis
654 4303 687 4358 de
710 4301 849 4356 militibus
875 4305 946 4358 lton.
965 4305 988 4356 2.
1009 4303 1092 4359 Woll.
1138 4303 1192 4370 leg.
1221 4305 1250 4356 et
1268 4305 1325 4360 not.

176 4403 197 4440 c.
216 4389 232 4442 6
251 4388 267 4440 9
288 4387 301 4442 1
321 4388 344 4442 si
363 4389 506 4458 quiscum
525 4389 636 4444 militib.
657 4391 723 4460 [22].
743 4389 811 4446 Golr.
832 4389 902 4446 Reae.
976 4393 991 4444 4
1011 4407 1033 4445 o.
1051 4389 1176 4444 militare
1189 4393 1224 4461 [5.
1245 4408 1324 4446 caus,

176 4477 221 4549 23]
240 4479 282 4531 est
302 4477 381 4532 miles
401 4475 469 4535 Golr.
491 4477 561 4534 Besa.
598 4477 766 4534 incedendo
785 4479 814 4532 et
833 4475 1005 4534 ambulando
1024 4476 1109 4534 Wibl.
1130 4475 1249 4533 Schmid.
