3014 4926
664 381 727 452 m

277 559 321 626 nt
343 562 384 626 ab
407 559 587 646 engtudine
609 581 668 624 aua
688 560 872 639 curabatur,

277 666 435 744 Quoiam
457 666 555 752 longo
577 669 720 750 ternpore
742 665 819 730 dure
841 664 1024 729 vexabatur.
1153 696 1155 700 ·

194 791 253 828 ⁴12⁰
279 769 395 836 Statim
415 775 584 856 postquam
607 770 740 856 Abgaro
762 771 934 855 discipulus
956 767 1097 834 [datheus
1186 817 1192 826 .

277 875 392 941 Manus
413 875 619 960 imposuerat,
641 895 768 939 omnem
787 895 880 938 suam
900 873 978 940 dous

276 979 407 1048 Curarit
429 979 641 1066 egritudinem
663 983 696 1044 et
717 978 946 1058 infirmitatem,

276 1083 406 1170 Sibique
428 1085 570 1150 restituit
590 1083 718 1168 plenam
741 1083 921 1148 sanitatem

275 1188 324 1256 Ut
342 1189 497 1276 cognovit
517 1189 668 1275 rogerus
690 1210 724 1254 so
745 1188 814 1254 fone
835 1187 1006 1254 liberatum

194 1313 249 1352 ιιι
277 1295 329 1360 Ab
350 1295 418 1360 eiue
440 1293 618 1381 egritudine
640 1297 808 1378 totmnquo
829 1297 975 1358 curatum

275 1399 337 1465 Per
357 1400 460 1465 solam
480 1399 716 1484 impositionem
739 1421 890 1464 manuum
913 1397 1036 1477 Tathei,

275 1503 427 1570 Invocato
448 1503 577 1568 nomine
598 1501 676 1568 Joeu
699 1502 759 1567 filii
781 1503 841 1583 dei,

274 1607 475 1674 Exclamavit
496 1611 529 1673 et
549 1606 691 1672 dicebat:
717 1605 831 1672 »Nunc
853 1607 892 1672 de
914 1629 988 1672 vero
1010 1609 1085 1688 scio,

273 1713 363 1791 Quod
382 1713 533 1779 universa
553 1734 629 1778 rora
648 1715 726 1778 sunt
748 1735 809 1798 que
831 1712 1013 1778 dictasunt
1033 1714 1072 1779 de
1095 1715 1148 1798 pio

199 1837 254 1876 ⁴1⁸0
279 1817 366 1898 deso,
385 1817 439 1884 dei
461 1817 538 1898 nio,
561 1817 704 1902 mihique
726 1817 837 1898 relato,
906 1858 914 1874 κ

275 1923 320 1990 Et
339 1924 376 1988 in
397 1945 449 1989 mc
470 1921 624 1988 mireum
644 1943 763 2008 magno
785 1923 999 2007 comprobata

276 2025 361 2094 Nam
381 2028 451 2093 sine
470 2028 678 2093 medicamine
699 2031 828 2092 curatus
850 2050 921 2092 rum
942 2031 976 2093 et
997 2027 1105 2092 herbis

276 2133 337 2199 Per
358 2133 459 2198 solam
480 2132 716 2218 impositionem
736 2153 850 2196 manus
873 2136 905 2197 et
926 2153 999 2196 cum
1020 2132 1154 2197 verbis«

275 2237 364 2303 'Punc
385 2237 552 2304 thesauros
573 2237 728 2322 plurimos
750 2235 828 2302 fecit
848 2237 1021 2322 adportari,

196 2363 249 2402 nes
275 2343 459 2428 Tatheoque
481 2343 635 2429 discipulo
656 2343 733 2408 fecit
753 2365 807 2408 eos
831 2344 909 2408 dari.

272 2447 358 2525 Quos
378 2447 521 2514 'datheus
543 2469 694 2533 respuens
716 2451 830 2514 cuncte
851 2449 1009 2514 recusavit

272 2551 329 2618 Nil
351 2575 389 2618 er
411 2552 462 2619 his
483 2553 648 2638 accipiens,
672 2553 733 2619 hoo
753 2553 860 2618 dicens
882 2551 1089 2618 exclamavit:

277 2656 417 2723 »Nom
437 2657 493 2742 qui
513 2657 701 2737 dimieimue,
721 2680 779 2723 cur
801 2657 1008 2742 reciperemus

272 2759 387 2827 Aliena
408 2783 470 2847 que
493 2763 593 2828 vitare
615 2763 720 2847 potius
745 2763 937 2828 debemueic

197 2885 248 2923 ⁴¹⁴⁰
274 2866 318 2932 Et
339 2889 396 2952 per
417 2873 542 2952 tempus
565 2868 685 2953 aliquid
708 2890 837 2934 manens
859 2867 1034 2952 predicavit

231 2979 233 2984 '
273 2969 323 3036 Ibi
345 2973 440 3038 fidem
462 2971 539 3038 Jesn
562 2971 681 3040 Christi
701 2973 861 3038 credentes
884 2972 1069 3057 baptizavit,
1127 3049 1135 3072 ι

270 3077 379 3166 ffignis
400 3081 434 3144 et
453 3078 615 3144 miraculis
639 3077 749 3144 multis
772 3077 982 3156 confirmarit,

273 3179 430 3248 Universa
452 3205 513 3267 que
535 3183 574 3248 de
595 3181 674 3248 Jeeu
695 3181 781 3248 facta
802 3181 956 3248 recitavit.

436 3499 489 3572 De
517 3501 761 3574 suscitatione
791 3498 934 3574 Lazari.

271 3705 308 3774 ln
330 3707 446 3794 oppido
469 3706 624 3774 Bethanie
646 3707 772 3795 gemine
793 3708 924 3774 fuerunt

197 3833 247 3870 ⁴1⁴⁶
273 3813 402 3880 Sorores
424 3819 456 3880 et
477 3814 518 3879 he
540 3815 668 3880 domino
690 3815 801 3878 devote
823 3813 1008 3892 servierunt,

271 3917 354 3984 Nam
377 3915 499 3984 sincero
518 3919 642 3984 dulcem
666 3917 776 3984 Jeeum
798 3939 906 3983 amore
927 3918 1115 3996 dilexerunt,

272 4023 356 4089 Huic
377 4045 450 4109 sepe
471 4025 646 4090 necessaria
668 4025 770 4088 rietus
791 4023 987 4088 obtulerunt.

272 4127 344 4194 Una
366 4127 503 4210 Martha,
526 4129 649 4214 reliqua
671 4129 774 4194 Maria
795 4129 978 4206 vocabatur,

270 4229 315 4298 Et
338 4235 471 4317 utreque
493 4233 585 4318 diligi
608 4255 627 4297 a
649 4231 725 4298 Jesu
748 4232 938 4298 merebatur.
975 4250 980 4262 ·

195 4355 245 4394 «ue
272 4335 331 4401 Hie
353 4335 452 4401 frater
473 4341 542 4402 emt
564 4337 676 4402 unicus
698 4335 834 4402 Lazarus
857 4340 996 4416 vocatus,

271 4443 391 4508 Amore
409 4463 533 4530 quoque
553 4443 681 4526 speciali
702 4439 781 4508 Jeou
802 4442 978 4528 copulatus.
