3060 4936
674 387 738 452 209

131 563 301 628 salvatoris
323 565 442 642 nostri,
472 563 528 649 qui
549 561 672 627 meritis
704 583 769 626 suas
792 561 988 626 intemerata
1012 561 1146 648 virginis
1170 563 1282 628 matris

130 667 243 733 Mariae
267 691 317 734 me
338 669 372 732 in
396 669 584 755 evagatione
607 668 648 733 ab
664 667 762 735 Ulma
784 689 883 752 usque
905 667 940 732 in
956 673 1049 733 terrae
1073 673 1190 734 sanctae
1213 669 1282 734 loca

132 775 245 841 ducere
260 773 383 840 salvum
407 779 439 840 et
454 775 601 840 reducere
623 774 854 858 dignatusest,
877 773 927 838 cui
942 773 985 838 sit
1007 773 1110 839 honor
1132 779 1164 839 et
1179 773 1283 860 gioria

132 903 189 966 per
211 879 339 946 infinita
361 880 539 946 seculorum
562 879 676 945 secula.
723 877 826 945 Amen
840 875 860 944 ¹.

221 1087 233 1127 ²
248 1091 359 1157 Cetera
372 1113 441 1176 quae
449 1089 581 1176 promisi
594 1089 981 1175 scribereeoosequeninr,
998 1088 1282 1155 decontinuatione

131 1195 290 1262 chronicae
304 1196 444 1262 civitatis
462 1193 621 1262 Ulmensis
636 1193 782 1280 specialis
798 1194 925 1259 libellus
941 1194 1041 1261 stabit
1056 1193 1278 1260 conficiendus.

132 1302 184 1366 Ad
207 1324 345 1387 presens
369 1301 509 1366 sufficiat
532 1305 658 1366 tantum
683 1305 854 1385 evagatum
876 1299 984 1365 fuisse.

146 1393 152 1398 ⁵
220 1405 343 1488 Valete,
367 1407 523 1474 carissimi
554 1406 687 1486 iratres,
719 1411 752 1471 et
781 1428 853 1470 cum
875 1405 935 1470 hoc
961 1405 1145 1490 evagatorio
1168 1405 1281 1492 agatis,

132 1513 225 1578 utin
248 1512 383 1598 epistola
405 1535 460 1596 per
483 1534 534 1576 me
557 1512 646 1578 vobis
662 1511 768 1592 missa,
792 1533 862 1597 quae
878 1511 912 1576 in
935 1512 1091 1597 principio
1107 1511 1282 1598 erogatorii

131 1617 280 1698 habetur,
303 1641 358 1684 vos
381 1618 532 1684 sincerius
555 1622 588 1682 et
609 1617 758 1683 seriosius
781 1619 902 1704 rogavi.
947 1617 1015 1682 Deo
1037 1615 1190 1704 gratias³.

699 1759 716 1796 a

205 1854 217 1906 l
239 1851 304 1907 Hier
314 1852 400 1908 sodet
413 1852 485 1908 idon.
502 1854 523 1906 l.
544 1851 602 1906 und
614 1851 694 1910 Goid.
713 1856 838 1924 uterque.
877 1855 950 1911 Mon.
966 1857 989 1909 1.
1001 1856 1073 1910 setat
1086 1854 1184 1910 hinaut
1203 1853 1281 1910 Finit

132 1940 265 1996 ioelieiter
282 1939 433 2012 descriptio
452 1937 610 1996 Germania
628 1941 761 2013 partialis
780 1959 813 1997 ae
831 1943 970 2014 praecipue
989 1942 1111 2010 regionis
1124 1941 1233 1998 Suavis
1252 1945 1283 1998 et

131 2027 259 2082 civitatis
279 2027 368 2082 Ulmoe
394 2045 455 2084 cum
486 2031 662 2086 monasteriis
687 2031 960 2095 circumiacentibus,
986 2030 1064 2086 edita
1089 2048 1138 2100 per
1163 2031 1282 2087 fratrem

133 2113 253 2170 Felicem
273 2114 378 2171 ordinis
397 2117 622 2186 predicatorum,
642 2117 691 2188 qui
711 2121 815 2174 terram
835 2119 962 2173 sanctam
986 2121 1015 2173 et
1034 2117 1189 2174 Jerusalem
1208 2135 1284 2188 pere·

132 2201 273 2272 grinando
291 2203 334 2258 bis
353 2203 538 2274 perlustravit
558 2205 594 2259 sd
614 2205 726 2261 laudem
750 2205 806 2262 Dei.
866 2207 883 2260 2
901 2203 1046 2262 Conclusio
1070 2206 1162 2260 finalis
1181 2223 1284 2276 evaga-

133 2289 200 2346 torii
220 2289 327 2345 Fratris
345 2291 444 2348 Felicis
462 2291 561 2358 Fabri,
580 2291 722 2348 clauditur
740 2295 793 2349 sub
811 2294 864 2349 hac
882 2295 973 2350 iornra
997 2311 1047 2365 per
1070 2311 1142 2349 eum.
1167 2294 1239 2351 Mon.
1258 2295 1283 2352 2.

133 2381 230 2434 cetera
248 2417 255 2433 .
276 2419 282 2432 .
302 2420 308 2435 .
328 2419 335 2434 .
355 2381 454 2450 rogavi
473 2379 566 2436 haben
585 2379 672 2437 auter
700 2381 773 2438 lion.
792 2383 817 2437 2.
841 2381 914 2437 auch
939 2381 1001 2436 Scb.
1027 2381 1085 2436 und
1103 2380 1148 2436 die
1168 2381 1283 2436 andern.

132 2468 150 2522 3
169 2465 227 2522 Deo
246 2469 354 2537 gratias
373 2469 424 2526 hat
434 2469 507 2525 Mon.
517 2471 542 2524 2.
551 2470 637 2525 nicht.
674 2470 723 2528 Eis.
736 2469 826 2526 Schm.
846 2469 903 2524 und
919 2468 1004 2524 Wibl.
1019 2471 1112 2524 setaen
1130 2468 1187 2523 bei:
1208 2467 1285 2522 Finis

133 2554 259 2610 historia
287 2555 413 2612 civitatis
442 2556 581 2614 Ulmensis
607 2577 657 2630 per
681 2559 810 2616 Fratrem
837 2557 1030 2614 predicatoris
1056 2559 1101 2628 (s.)
1126 2555 1232 2612 ordinis
1254 2557 1285 2612 in

133 2641 219 2698 Ulma
246 2643 296 2699 Dn.
321 2643 440 2700 Felicem
463 2644 547 2700 Fabri
572 2645 718 2718 descriptas
749 2662 824 2702 anno
850 2647 887 2700 ab
912 2645 1107 2700 incarnatione
1125 2643 1237 2700 Domini
1255 2645 1284 2698 et

133 2731 293 2786 Salvatoris
312 2733 399 2788 nostri
418 2731 484 2788 lesu
502 2732 605 2788 Christi
628 2733 703 2788 1484.
739 2733 804 2791 eod.
824 2733 897 2790 Mon.
910 2735 935 2789 2.
954 2733 1088 2788 schlieilt:
1111 2731 1232 2802 Explicit
1249 2731 1284 2785 2a

134 2836 201 2960 pUars
219 2819 388 2890 evagatorii.
420 2820 450 2874 F.
476 2819 505 2874 F.
525 2821 553 2874 F.
574 2821 678 2877 ordinis
702 2822 932 2892 predicatorum,
950 2821 1106 2894 predicans
1131 2823 1285 2876 conventus

162 2907 283 2962 lmensis.
