3014 4926
784 293 845 358 118

397 471 465 539 Nec
486 494 592 538 coram
614 469 760 535 fidelibus
781 470 912 535 fuerunt
933 471 1122 555 perpetrata.

396 577 441 643 lu
463 577 538 663 quia
560 577 751 641 consortium
776 575 878 640 adhuc
902 575 1128 660 discipulorum

397 681 466 748 Sibi
488 703 552 746 non
574 681 713 767 elegerat
735 703 792 745 nec
813 679 1037 765 apostolorum,

319 809 371 846 aroc
398 787 459 866 Qui
482 787 615 852 virtutes
637 787 737 871 ipsius
759 786 886 870 scriptis
908 785 1172 868 commendarent,

398 891 524 978 Susque
546 892 699 958 miracula
720 891 838 956 mondo
862 891 1075 976 propalarent,

397 997 466 1064 Nec
488 1020 521 1063 se
543 996 635 1063 Jesus
657 999 759 1063 voluit
782 997 884 1062 adhuc
905 995 1110 1063 manifestare

401 1103 508 1189 Atque
530 1125 619 1168 suam
642 1103 778 1188 gloriam
798 1103 916 1167 mundo
939 1103 1163 1168 demonstrare.

397 1209 458 1274 Est
478 1213 585 1273 tamen
606 1209 798 1288 incredibile,
821 1209 905 1292 quod
928 1207 1019 1272 annis
1040 1211 1090 1272 tot
1112 1208 1251 1289 vixisset,

320 1331 371 1370 sica
398 1312 543 1378 Virtutes
565 1315 597 1377 et
618 1312 771 1377 miracula
793 1312 944 1396 nullaque
967 1311 1111 1391 fecisset3

397 1417 481 1484 Nam
504 1417 641 1503 qualiter
663 1397 723 1482 hio'
737 1417 860 1496 vixerit,
884 1417 1041 1502 quomodo
1063 1423 1265 1484 conversatus

399 1525 501 1589 Annis
519 1525 567 1588 sit
588 1523 705 1608 viginti
726 1545 840 1588 novem
863 1528 895 1588 et
917 1523 993 1608 quid
1016 1523 1058 1588 sit
1080 1528 1238 1608 operatus,

398 1629 435 1694 In
458 1627 584 1713 scriptis
606 1627 668 1692 heu
691 1627 858 1692 autenticis
880 1627 941 1692 hoc
962 1649 1026 1692 non
1050 1628 1215 1713 reperitur,

402 1732 462 1798 Sed
485 1755 542 1798 nec
564 1732 598 1796 in
621 1733 766 1817 apocrifis
789 1733 977 1818 adplenum
1000 1735 1179 1812 invenitur;

322 1860 372 1896 ino
400 1837 485 1904 Nam
507 1838 670 1904 Johannes
693 1839 853 1922 scriptitat
874 1837 928 1903 hic
950 1839 1164 1924 evangelista:

398 1943 503 2010 Multo
524 1943 617 2028 plura
638 1945 731 2029 signa
752 1943 829 2008 fecit
849 1941 952 2022 Jesua,
976 1965 1071 2028 quem
1094 1943 1159 2008 sint
1181 1944 1260 2009 ista!

400 2049 466 2126 Que
489 2071 552 2114 non
576 2053 682 2114 tamen
704 2049 737 2112 in
760 2048 821 2113 hoc
843 2048 926 2114 libro
948 2048 1066 2132 scriptu
1088 2049 1300 2131 declarantur,

400 2153 460 2220 Sed
483 2157 520 2218 ut
541 2153 687 2218 credetur
709 2153 741 2217 in
765 2152 875 2218 Jesum
898 2153 950 2218 hic
972 2175 1073 2238 pauca
1094 2153 1276 2220 recitantur.

288 2524 391 2610 Quod
419 2525 443 2597 J
446 2548 530 2598 esus
556 2549 642 2622 sepe
670 2527 842 2601 visitavit
867 2527 1079 2601 iohannem
1107 2527 1146 2598 in
1175 2527 1339 2601 heremo.

401 2787 535 2863 Quidam
556 2785 619 2851 fuit
642 2785 820 2850 adolescens
842 2783 1005 2850 Johannes
1028 2790 1238 2870 nuncupatus,

321 2911 372 2949 ³⁴1⁵
400 2891 549 2958 Zacharie
572 2892 657 2956 filius
679 2889 818 2976 Jesuque
840 2895 1003 2977 cognatus.

400 2997 462 3062 Hic
485 2996 525 3061 ab
549 2997 640 3062 annis
663 2996 840 3081 quindecim
862 2996 1006 3062 homines
1029 2997 1129 3062 vitare

400 3101 491 3187 Cepit
513 3107 545 3168 et
567 3103 601 3167 in
624 3101 751 3167 heremo
773 3101 859 3166 solus
881 3100 1037 3167 habitare.

399 3205 495 3272 Gibns
517 3209 584 3272 eius
607 3228 680 3270 caro
703 3205 766 3269 luit
786 3205 883 3270 cruda
905 3207 1108 3288 locustarum,

399 3313 443 3378 Et
464 3313 526 3380 mel
550 3333 646 3396 apum
668 3311 872 3392 silvestrium,
896 3311 1014 3377 radices
1038 3335 1074 3378 ac
1096 3313 1276 3380 herbarum.

323 3435 373 3474 ³⁴²⁰
400 3417 507 3483 Vestis
529 3441 586 3484 rua
607 3417 712 3482 birrus
735 3423 804 3483 erat
825 3419 863 3484 de
886 3419 960 3503 pilis
985 3420 1186 3500 camelorum,

399 3521 503 3587 Ovina
525 3521 616 3606 pellis
639 3521 749 3605 aspida
771 3521 934 3607 cingulum
957 3522 1148 3590 lumborum.

397 3625 447 3691 Ad
470 3628 555 3693 hunc
577 3627 670 3693 Jesus
693 3625 872 3692 adolescens
894 3629 998 3712 sepius
1021 3630 1184 3696 consuevit

398 3731 525 3812 Venire,
550 3734 625 3818 quia
647 3732 777 3816 spiritus
800 3737 928 3797 sanctus
951 3735 1106 3820 requievit

398 3835 436 3902 In
459 3835 615 3917 Johanne,
641 3837 695 3921 qui
719 3837 869 3901 virtutem
893 3837 1024 3922 spiritns
1046 3839 1117 3905 Elie

321 3959 372 3996 ³⁴²⁶
399 3941 583 4006 Predicandi
608 3941 669 4006 sibi
691 3942 786 4021 dedit,
811 3947 906 4028 atque
929 3944 1103 4029 prophetie.

399 4045 491 4112 Jesus
513 4047 616 4112 factus
639 4047 818 4114 adolescens
840 4071 913 4134 sepe
936 4047 1137 4135 frequentare

400 4150 571 4217 Heremum
594 4159 798 4220 consueverat
820 4159 852 4220 et
874 4177 946 4220 eum
969 4156 1106 4236 visitare,

399 4255 443 4320 Et
465 4277 521 4340 per
542 4257 608 4323 dies
631 4259 754 4344 aliquos
776 4281 881 4325 secum
904 4263 1092 4326 commorari

400 4357 538 4444 Solebat,
561 4367 598 4428 ut
619 4385 652 4430 se
675 4368 787 4433 mutuo
808 4367 937 4453 possent
959 4365 1124 4434 consolari.
