3014 4926
675 343 735 411 171

287 523 441 592 Sed'cnm
463 524 567 608 ipsum
591 543 721 607 corpora
743 521 823 588 vidit
837 517 1007 603 'denudari
1055 521 1072 587 .’

205 649 258 689 serr
286 631 364 696 Cum
386 629 506 694 eiulatu
528 629 665 693 maximo
687 629 771 714 cepit
794 627 962 694 lacrimari.

284 733 398 800 Velum
419 734 470 799 sui
491 733 603 818 capitis
626 732 783 798 abstraxit
804 733 958 814 dolorosa,

283 840 386 906 Maria
408 845 502 925 rogat
524 839 747 925 Magdalenam
769 841 872 904 mater
894 859 1047 920 amorosa,

284 945 330 1014 Ut
352 967 450 1010 nnmn
472 967 510 1010 ex
533 943 712 1010 astantibus
734 944 805 1029 ipsa
826 944 1020 1028 deprecetur,

284 1050 344 1116 Per
366 1073 461 1136 quem
482 1052 566 1116 circa
587 1052 673 1116 riuda
694 1049 770 1117 lesu
793 1071 917 1135 pannus
938 1050 992 1115 hic
1013 1051 1141 1136 ligetur.

206 1176 257 1214 aceo
284 1156 474 1242 Magdalena
496 1157 653 1242 virginem
675 1157 830 1222 detectam
852 1177 915 1220 non
937 1156 1071 1235 sinebat,

255 1323 257 1328 Α
285 1259 431 1326 Pannum
452 1262 557 1346 ipsum
578 1283 673 1346 super
694 1265 789 1346 caput
812 1261 914 1326 Mario
935 1260 1119 1346 reponebat,

285 1366 430 1432 Pannum
452 1389 579 1432 sumens
601 1367 699 1431 alium
722 1372 753 1432 et
776 1368 933 1451 quendam
955 1366 1107 1446 exoravit,

284 1470 380 1537 Illum
402 1471 484 1536 circa
506 1472 628 1537 femora
649 1469 726 1537 Jesu
748 1472 803 1557 qui
825 1471 948 1558 ligavit.

287 1575 423 1642 Rursum
448 1575 557 1640 videns
579 1575 691 1655 Maria,
715 1573 792 1642 Jesu
812 1579 914 1642 mater
938 1578 1029 1657 bona,

209 1699 260 1738 aas
287 1680 410 1768 Stringi
432 1685 527 1766 capnt
549 1680 609 1746 filii
631 1703 703 1746 cum
726 1673 835 1767 spinea
857 1683 981 1763 corona,

286 1787 405 1853 Tundit
426 1789 535 1873 pectus
558 1786 690 1868 amens,
712 1787 843 1872 capillos
866 1787 1039 1854 laceravit:

287 1893 354 1958 »Ve
376 1915 414 1958 ve
436 1891 515 1958 mihi
537 1893 660 1972 misere,
684 1914 722 1957 ve
741 1891 788 1956 fili
809 1893 889 1957 mil«
916 1892 1081 1971 clamavit;

289 1997 355 2064 »De
377 2002 487 2064 ventre
509 2019 580 2064 meo
603 1998 719 2064 misero
742 2019 798 2062 cnr
820 1995 912 2062 fuisti
934 1999 1054 2062 natus?

286 2101 347 2168 Tot
368 2102 458 2188 penis
480 2107 513 2168 et
533 2102 668 2168 miseriis
690 2125 762 2168 oum
784 2102 828 2168 sis
850 2102 1064 2185 deputatustc

209 2225 260 2266 ⁶⁰⁴0
285 2205 358 2292 Ipsa
379 2207 489 2274 videns
511 2207 627 2274 iterum
649 2229 743 2291 snper
765 2207 865 2271 crucis
889 2205 1012 2292 lignum

287 2312 392 2380 Sterni
413 2335 507 2380 suum
529 2313 657 2378 arricum
679 2312 782 2377 filium
804 2311 989 2396 benignum,

287 2416 461 2486 Clamavit:
486 2417 554 2484 »Vs
577 2417 709 2504 dolende
732 2417 829 2482 mihi!
854 2439 952 2502 quare
973 2418 1019 2482 sic
1041 2417 1178 2484 deiectus

286 2521 330 2587 llt
351 2527 530 2607 prostratus
553 2528 601 2590 est
621 2545 711 2589 mens
733 2522 818 2588 filios
842 2523 974 2588 dilectus
984 2525 1019 2588 l«

284 2626 368 2694 Elam
389 2649 465 2694 vero
487 2649 558 2694 oum
581 2631 778 2713 prostratum
801 2627 914 2713 aspicit
939 2629 1066 2694 extendi

213 2749 261 2789 ⁵⁰⁴⁵
287 2732 435 2800 Manibus
458 2733 643 2818 etpedibus
666 2732 731 2798 suis
754 2736 787 2798 et
808 2733 943 2818 appendi

285 2839 388 2926 ligno
409 2840 506 2906 clavis
528 2839 637 2906 ferreis
660 2839 808 2924 crucique
829 2839 946 2926 configi

286 2945 329 3010 nt
351 2966 422 3010 cum
444 2943 531 3010 duris
553 2943 739 3010 malleorum
761 2942 877 3008 ictibus
900 2942 1013 3030 affligi,
1101 2993 1104 3000 .

286 3048 321 3113 ln
345 3054 463 3116 terram
486 3049 598 3115 cadens
621 3049 736 3133 spiritu
758 3047 874 3114 defecit
895 3071 932 3114 er
954 3049 1062 3114 dolore

286 3152 458 3239 Cordisqoe
479 3154 612 3220 tristitia
633 3176 705 3220 cunr
728 3155 832 3220 anime
854 3176 985 3220 merore.

212 3275 260 3314 ⁶⁰⁶⁰
286 3257 444 3324 Semiviva
465 3258 564 3326 iacuit
585 3280 643 3324 nec
661 3257 757 3324 alitus
780 3257 901 3340 vitalis¹

286 3361 323 3429 ln
346 3386 384 3432 ea
405 3365 523 3430 mansit
544 3363 671 3450 aliquia,
694 3386 752 3430 nec
774 3364 859 3430 calor
881 3364 1054 3442 naturalis3

286 3469 422 3536 Immota
443 3471 546 3538 iacens
568 3471 658 3536 nulla
678 3471 772 3556 signa
795 3470 859 3536 vite
882 3469 1119 3548 demonstravit,

288 3575 347 3642 Sed
368 3577 402 3642 in
425 3599 548 3642 summo
570 3581 696 3662 pectore
718 3598 772 3642 cor
793 3598 906 3660 parurn
929 3575 1117 3660 palpitavit:

287 3679 425 3748 Feminis
447 3703 519 3748 cnm
541 3682 651 3748 ceteris
673 3703 795 3748 sorores
817 3704 872 3747 sue
894 3679 1024 3746 stabant

213 3803 263 3842 ⁶⁰⁶⁶
288 3784 389 3872 Super
410 3785 513 3872 ipsam
534 3787 701 3872 utriusque
723 3808 836 3871 penam
859 3785 1076 3870 deplorabant.

288 3888 447 3956 Videbunt
468 3889 552 3958 eninr
575 3914 638 3956 una
661 3895 752 3976 parto
773 3889 884 3956 Jesom
906 3891 1057 3977 cruciligi,

287 3995 517 4082 Clarorumquo
539 3996 720 4064 vulneribus
743 3997 889 4063 maximis
912 3995 1012 4082 affigi,

288 4101 331 4166 Et
356 4100 503 4168 videbant
525 4107 599 4170 ante
620 4125 654 4168 se
675 4101 889 4170 dulcissimam
912 4103 1065 4168 iacentem

288 4203 420 4272 Matrem
443 4207 509 4274 eins
531 4207 565 4272 in
587 4207 694 4274 dolore
716 4208 781 4274 iam
803 4229 882 4292 pene
904 4207 1099 4274 morientem.

692 4334 709 4374 a

204 4429 272 4484 5036
290 4428 309 4482 Ζ
326 4429 445 4498 'lirndit3
463 4431 487 4487 G
506 4432 669 4502 Tun'gebat5
689 4433 717 4488 Μ
735 4431 892 4490 Tendebat.
