2996 4924
688 305 730 377 23

287 485 349 552 Hie
371 509 449 572 puer
471 487 665 554 exaltabitur
688 487 722 553 in
744 490 891 556 universo
915 491 1044 571 mundo,

142 623 145 628 ·
230 613 267 648 κο
293 590 377 658 Nem
402 593 463 658 tibi
484 593 694 658 famulabitur
715 609 839 678 semper
861 596 954 662 eorde
976 599 1105 664 mundo.

290 697 378 783 Ergo
400 699 461 763 tibi
483 699 609 764 domine
630 699 739 765 laudes
762 699 935 766 decantabo

288 801 332 868 Et
354 804 387 868 iu
410 809 467 870 tuo
488 806 617 870 nomine
639 827 763 890 semper
786 807 974 873 exultabolr

289 905 425 993 Cognati
447 909 513 976 sive
534 911 656 996 cogniti
678 915 756 976 tuna
777 914 1056 999 congregabantur

287 1012 338 1078 Ad
362 1015 489 1080 Annam
512 1021 545 1081 et
568 1017 607 1081 ed
629 1015 777 1082 Joauhim
799 1021 831 1083 et
853 1019 1163 1103 oongratulabentur

225 1137 264 1173 su
290 1116 382 1202 Ipsis,
405 1121 481 1205 quia
503 1122 648 1188 dominus
671 1143 723 1188 eos
746 1123 943 1208 respexisset,

287 1223 394 1308 Atque
416 1247 546 1310 germen
569 1227 701 1311 pulchre
723 1228 822 1312 prolis
844 1229 889 1293 eis
912 1227 1109 1294 contulisset.

287 1329 331 1393 Et
353 1331 512 1397 vocabant
534 1355 665 1417 puerum
688 1334 815 1399 nomine
837 1333 950 1413 Maria,

284 1432 373 1502 Sient
395 1457 448 1502 eos
474 1437 643 1524 Raphaelis
666 1440 820 1505 iustruxit
842 1439 1019 1525 prophetia.

130 1751 187 1824 De
215 1751 328 1844 signis
355 1773 427 1845 que
455 1753 713 1846 apparuerunt
732 1750 769 1821 in
787 1751 991 1824 nativitate
1006 1755 1135 1826 esnote
1148 1753 1276 1827 llario.

287 1959 346 2024 Dia
368 1959 495 2044 quando
518 1963 594 2024 nata
616 1959 679 2024 fuit
700 1960 805 2044 proles
827 1960 891 2026 iste
913 1967 1032 2042 sancta,
1123 2041 1126 2048 Ι

224 2083 262 2121 ⁴⁶⁰
289 2064 389 2150 Super
412 2071 530 2130 terram
553 2067 683 2132 claritas
705 2065 832 2132 desole
854 2065 946 2131 fulsit
967 2071 1069 2146 tenta,

286 2169 321 2234 ln
344 2171 441 2255 duplo
464 2171 548 2256 quod
570 2171 642 2256 plus
664 2170 760 2235 solito
781 2171 829 2236 sol
851 2171 934 2236 luxit
956 2171 990 2236 in
1011 2169 1072 2235 hae
1095 2169 1154 2248 die,
1203 2237 1206 2244 ,

285 2275 496 2342 Nativitatem
519 2276 671 2340 nuntians
694 2276 784 2361 pueri
808 2275 917 2342 Men'a.

285 2379 368 2448 Nam
392 2381 451 2447 hso
473 2382 523 2447 dis
545 2382 725 2467 duplicatus
748 2380 812 2446 luit
834 2381 983 2468 splendor
1004 2381 1081 2448 solis

286 2485 399 2552 Ortum
422 2488 540 2552 mundo
563 2487 771 2552 manifestans
794 2489 971 2553 venerande
992 2487 1109 2572 prolis:

225 2609 262 2646 ⁴⁵⁶
289 2593 335 2657 Ac
356 2593 413 2657 ille
433 2597 526 2658 noete
548 2592 663 2658 clarior
684 2591 762 2658 luna
784 2594 979 2674 coruscabat,

181 2695 185 2706 '
285 2697 368 2763 Pena
389 2698 449 2763 soll
471 2699 584 2764 similis
606 2698 772 2783 splendore
794 2698 950 2778 radiabat,

283 2801 344 2868 Illa
364 2825 439 2868 nam
462 2803 618 2869 nubecula
641 2825 702 2888 que
726 2803 835 2868 lunam
857 2821 979 2887 semper
1001 2802 1114 2882 fuscat,

284 2907 374 2984 Quod
395 2931 460 2974 uon
482 2910 566 2976 sieut
586 2913 690 2974 cetera
712 2909 815 2974 sidera
837 2913 991 2988 coruscat,

284 3013 343 3082 Per
365 3021 491 3101 tempus
513 3039 577 3082 non
599 3015 777 3100 comperuit
799 3019 885 3092 tuno,
907 3035 980 3078 oum
1002 3012 1065 3076 fuit
1086 3015 1163 3076 nata

223 3141 258 3178 ιω
285 3122 385 3208 Super
406 3127 525 3187 terrem
549 3121 601 3206 pia
624 3119 729 3206 proles
751 3125 783 3186 et
806 3117 1020 3184 immaculata.

284 3225 345 3292 Sed
366 3247 486 3312 magua
508 3225 643 3310 quedam
665 3225 794 3290 olaritas
817 3223 967 3307 apparuit
988 3222 1022 3286 in
1045 3222 1122 3286 luna

285 3331 374 3398 (lires
396 3331 529 3418 globum
551 3331 690 3396 madium
713 3330 806 3395 stella
827 3327 915 3392 velut
937 3349 1010 3392 une.

196 3649 296 3736 Quod
323 3654 501 3747 parentes
528 3652 699 3724 tulerunt
726 3649 884 3722 Meriem
913 3649 952 3720 in
979 3645 1200 3718 Jerusalem.

284 3861 362 3928 Post
384 3862 433 3926 bis
456 3861 670 3946 quodraginta
693 3859 758 3924 dies
780 3879 914 3944 puerum
935 3855 1081 3921 tulerunt

285 3965 436 4032 Parentes
458 3969 491 4030 in
515 3965 702 4044 Jerusalem,
727 3969 759 4030 et
780 3963 865 4028 huno
889 3963 1150 4046 presentaverunt

222 4089 259 4127 «ω
285 4069 336 4136 Ad
358 4072 523 4156 templum,
546 4077 579 4138 et
601 4071 784 4136 anniculum
806 4087 926 4154 agnum
949 4065 1134 4132 obtulerunt

285 4176 347 4242 Pro
370 4197 425 4254 θος
450 4179 571 4263 prolem
593 4177 722 4244 domino
744 4177 789 4242 sic
812 4175 1075 4242 conseeravaruut

692 4318 711 4360 a

203 4401 254 4456 loe
271 4401 293 4458 G
313 4402 483 4474 agrimlau.
