3034 4922
778 313 841 392 210

390 496 442 565 Me
465 499 572 564 vivum
595 504 691 585 etque
712 501 849 586 gloriam
875 500 1026 564 videbunt
1048 499 1094 563 ibi
1116 499 1260 565 meum!‹

392 604 451 671 Ille
473 628 547 670 mox
569 606 608 670 ed
632 608 794 672 universos
817 605 986 691 discipulos
1008 607 1144 687 iverunt,

395 709 510 776 Omnia
532 733 593 796 que
614 711 699 777 fecte
721 716 796 777 suut
817 713 881 777 illis
903 717 1123 790 narraverunt,

313 835 365 873 ⁸200
391 816 435 881 Et
457 817 541 901 quod
563 817 631 900 ipse
654 817 830 883 redivivum
852 817 1013 883 dominum
1037 817 1198 896 vidissent,

393 922 440 986 Ac
461 922 648 988 mandatum
670 924 710 988 ed
733 945 786 988 ece
808 924 876 1008 ipse
898 924 1096 1010 recepissent,

277 1055 287 1074 ι
390 1025 451 1092 Sed
474 1050 545 1092 cum
568 1027 616 1094 illi
639 1029 808 1124 mulierum
831 1051 990 1096 semones
1012 1030 1210 1107 audiverunt,

392 1131 460 1198 Hes
482 1155 587 1199 errare
608 1136 811 1220 reputabant,
834 1157 892 1202 nee
913 1137 959 1202 eis
981 1135 1190 1202 erediderunt.

476 1445 582 1532 Quod
609 1446 781 1520 dominus
809 1446 986 1541 apparuit
1011 1445 1137 1519 Petro

391 1657 570 1724 Surrexisse
592 1658 756 1722 dominum
778 1656 825 1722 nil
846 1660 953 1722 temen
976 1656 1145 1723 dubitabat

315 1783 366 1820 θεοῦ
392 1763 516 1844 Petrus,
539 1763 581 1828 ed
603 1767 722 1828 secrete
744 1785 777 1827 se
798 1763 951 1847 recipiens
973 1764 1096 1843 orabat,

391 1868 438 1936 Ut
459 1868 564 1933 ridere
587 1868 750 1933 dominum
772 1869 881 1932 vivum
902 1874 1084 1949 mereretur,

390 1975 435 2040 Et
456 1973 549 2039 Jesus
572 1973 718 2039 Christus
740 1995 892 2058 apparere
913 1973 975 2038 sibi
997 1973 1193 2058 dignaretur.

390 2077 511 2144 Ibidem
534 2077 595 2143 eibi
617 2077 763 2143 dominus
784 2078 848 2142 iem
870 2077 1068 2164 glorificatus

390 2183 551 2269 Apparuit
573 2184 606 2246 in
629 2204 769 2268 corpore,
792 2183 830 2247 de
852 2186 954 2247 morte
976 2183 1157 2264 suscitatus,

311 2309 362 2347 ⁰21⁰
388 2289 474 2354 Huic
495 2289 741 2354 consolationem
763 2287 906 2354 tribuens
928 2287 1077 2369 divinem,

390 2393 441 2460 Ne
462 2396 605 2478 desperet
627 2400 756 2480 propter
778 2417 869 2460 suem
891 2395 1093 2482 negationem
1115 2397 1243 2461 trinum.

235 2717 340 2803 Quod
367 2716 538 2790 dominus
566 2717 741 2820 apparuit
769 2715 913 2789 duobus
935 2715 1112 2789 euntibus
1132 2716 1171 2788 iu
1185 2715 1375 2790 Emmaus.

390 2925 464 3012 Ipso
487 2926 537 2990 die
560 2924 715 3010 Oleophes
737 2929 770 2990 et
792 2923 892 2990 Lucos
914 2928 1120 3008 porrexerunt

391 3032 442 3096 nd
465 3030 629 3096 castellum
652 3029 815 3110 Emmaus,
837 3030 871 3094 in
894 3031 947 3094 via
968 3031 1172 3096 contulerunt

391 3137 438 3202 De
460 3136 552 3202 fectis
575 3135 662 3202 Jeeu.
707 3135 783 3200 Mox
805 3136 845 3201 ed
868 3157 920 3200 eos
943 3135 1089 3202 domiuus
1112 3137 1253 3217 accessit,

312 3261 363 3298 ⁶2¹⁶
389 3241 470 3308 Cum
490 3242 568 3326 ipsis
591 3241 682 3326 quusi
703 3242 889 3326 peregrinus
911 3263 967 3325 per
990 3240 1074 3306 vium
1096 3241 1179 3306 hene
1201 3242 1364 3326 processit.

390 3346 510 3412 Temen
532 3367 597 3411 non
618 3351 776 3412 noverunt
798 3368 870 3412 eum
891 3345 930 3411 de
952 3368 989 3412 eo
1011 3347 1218 3428 conferentes,

265 3447 270 3456 ’
390 3451 457 3518 Nec
479 3475 535 3538 per
557 3451 651 3516 fidem
672 3451 705 3516 in
728 3473 799 3517 eum
822 3451 962 3536 plenarie
984 3451 1153 3518 credentes.

390 3557 439 3623 De
461 3580 524 3642 quo
546 3579 723 3622 sermonem
745 3557 897 3639 fecerent,
920 3555 1013 3622 Jesus
1035 3557 1219 3643 inquisivit3

390 3663 481 3741 Quod
503 3663 541 3729 de
562 3661 640 3728 Jesu
663 3661 829 3729 Nazereuo
851 3663 1002 3741 dicerent,
1024 3662 1155 3728 audivit.

312 3787 363 3825 οπο
389 3768 483 3835 Jesus
505 3791 558 3834 eos
582 3790 718 3854 arguens
741 3768 879 3853 probans
903 3767 1120 3852 exscriptum

390 3872 505 3939 Omnia
527 3896 588 3960 que
611 3874 696 3938 fecte
718 3879 803 3952 sunt,
826 3865 1038 3958 quod'forent
1060 3871 1118 3938 hec
1140 3872 1259 3952 future,

389 3981 434 4045 Et
457 3980 540 4064 quod
565 3981 614 4045 dei
637 3979 739 4044 filium
763 3979 927 4065 opportuit
949 3977 1056 4043 subire

389 4083 535 4164 Mortem,
559 4085 646 4150 etin
669 4085 805 4170 glorium
828 4084 873 4148 sie
895 4105 986 4149 suem
1008 4083 1150 4148 introire.

277 4255 280 4260 .
389 4188 474 4254 Hine
496 4189 536 4254 ed
559 4189 723 4254 castellum
746 4193 910 4267 venerunt,
934 4189 972 4252 ed
996 4189 1082 4273 quod
1104 4185 1324 4262 declinabant3

310 4313 361 4350 ππ
388 4293 436 4359 Ut
457 4315 529 4358 oum
552 4295 629 4379 ipsis
651 4299 862 4379 pernoctaret,
885 4292 997 4358 Jesum
1021 4293 1210 4358 invitabunt.

266 4409 267 4412 ’
388 4399 440 4466 Ad
462 4421 571 4464 cenam
594 4422 665 4464 eum
688 4398 907 4464 recumberent
928 4397 974 4480 bi,
996 4395 1202 4464 benedicebat
