3014 4926
611 303 614 308 ¹
690 357 753 442 1oo

233 552 290 592 orec
318 531 451 621 Propter
472 535 705 623 longitudine·
728 536 888 602 modicum
910 539 1031 617 retorti,
1107 611 1108 614 Ἴ

316 637 401 706 Raro
422 641 552 728 compti,
574 663 738 728 nunquam
760 642 856 721 tonsi,
879 646 986 708 tamen
1008 663 1073 706 uon
1095 641 1232 707 distorti.

571 880 625 954 De
653 881 771 955 oculis
797 880 901 954 Jesu.

316 1061 395 1128 Eius
417 1069 510 1130 erant
532 1064 616 1130 oculi
638 1086 694 1131 ceu
717 1063 811 1130 stella
832 1064 1002 1144 radiantes,

317 1165 553 1256 Benignitatem
575 1171 674 1236 animi
696 1170 861 1254 cordisque
882 1171 1077 1235 nuntiantes.

315 1270 456 1343 Intuitus
477 1275 640 1340 mitissimi
661 1274 761 1340 dulcis
784 1279 816 1340 et
837 1274 978 1362 benigni,

233 1395 290 1434 sier
317 1377 440 1445 Hilaris
462 1385 494 1446 et
516 1381 631 1466 placidi
654 1381 764 1445 decore
786 1401 859 1444 cum
880 1380 1009 1466 insigni.

316 1481 389 1550 Non
413 1486 504 1570 parvi
527 1507 584 1551 nee
605 1485 714 1572 magni
737 1485 842 1564 nimis,
864 1486 918 1557 sed
940 1486 1078 1551 medium
1100 1489 1251 1564 tenentes,

315 1587 389 1654 Non
412 1590 570 1675 profunde
592 1589 698 1675 positi,
723 1591 777 1655 sed
799 1613 912 1676 parum
934 1592 1157 1676 prominentes.

316 1693 436 1783 Nigroe
458 1697 521 1762 fuit
543 1695 705 1762 oculorum
725 1697 859 1761 interior
880 1696 1010 1780 pupilla,

319 1797 517 1886 Saphyrinus
539 1802 674 1868 circulus
696 1824 759 1887 quo
781 1801 969 1888 cingebatur
990 1802 1056 1866 illa.

236 1927 292 1964 ἰω
319 1905 436 1973 Parum
458 1908 553 1987 latus,
576 1913 672 1993 atque
692 1907 799 1973 lucens
822 1907 908 1972 color
929 1912 967 1972 ut
989 1906 1152 1984 iacinctus,
1214 1909 1221 1969 ζ

318 2011 350 2078 Α
372 2013 484 2079 ceteris
505 2011 663 2080 coloribus
685 2013 769 2078 oculi
791 2012 969 2078 ‹intinctm

317 2119 442 2184 Albedo
463 2118 528 2184 fuit
549 2117 713 2183 oculorum
735 2117 828 2182 lactei
850 2117 973 2196 coloris,

317 2221 413 2289 Omni
435 2245 544 2289 carens
567 2223 650 2288 carie
671 2221 844 2308 magnique
867 2221 997 2286 decoris.

532 2461 587 2534 De
614 2459 799 2557 palpebris
827 2457 934 2532 Jesur

284 2681 287 2688 ,
317 2643 471 2730 Palpebre
493 2643 647 2710 flexibiles
669 2665 703 2710 se
724 2641 817 2708 facile
839 2645 1011 2720 moventes,

234 2769 290 2808 σιω
318 2750 437 2817 Tamen
458 2772 523 2816 non
545 2747 711 2814 instabiles
733 2771 767 2814 se
788 2747 868 2813 bene
890 2748 1121 2813 concludentes.

320 2856 380 2921 Pili
402 2877 527 2942 quoque
548 2852 772 2940 palpebrarum
794 2874 858 2918 non
880 2852 969 2919 densi
991 2873 1048 2918 nec
1070 2851 1210 2932 convexi,

318 2960 430 3026 Mundi
451 2960 520 3027 sine
541 2961 620 3026 vitio
642 2981 755 3045 parum
777 2963 862 3024 retro
885 2959 969 3026 flexi.

583 3198 639 3272 De
666 3199 881 3294 superciliis.

317 3379 422 3470 Nigra
442 3381 611 3468 supercilia
631 3381 709 3447 satis
731 3381 863 3462 elevata,

318 3487 363 3554 luc
384 3509 404 3553 s
425 3485 541 3552 frontis
564 3485 691 3573 angulis
713 3507 839 3552 sursum
860 3485 1012 3551 derivata.

234 3613 291 3651 mo
317 3592 371 3658 Ad
391 3592 582 3678 modumque
603 3591 736 3678 gracilis
758 3613 860 3678 neque
882 3591 977 3656 nimis
1000 3590 1073 3672 lata,

320 3696 432 3784 Neque
453 3721 536 3780 rara,
558 3698 707 3764 brevibus
729 3697 803 3782 pilis
825 3697 1025 3762 condensata.

625 3936 680 4011 De
706 3937 842 4011 fronte.

321 4115 399 4184 Leto
419 4118 507 4185 frons
529 4124 562 4185 et
583 4119 706 4201 hilaris,
728 4141 792 4185 nou
815 4119 926 4185 stricta
946 4141 1011 4185 non
1033 4121 1127 4202 elata,

321 4221 394 4290 Nou
417 4247 543 4312 rugosa,
567 4227 647 4293 bene
668 4227 774 4312 plana,
798 4248 861 4291 non
884 4225 1076 4291 valliculata.

725 4368 743 4408 a

228 4449 307 4506 ³152
325 4449 348 4504 G
365 4451 439 4508 sidus
456 4455 530 4510 usu
547 4453 639 4510 stallo.
