3072 4936
709 317 771 381 123

158 485 268 552 Krafft
283 489 333 554 uff
344 489 400 554 der
415 489 511 554 braiti
529 489 551 572 ¹,
574 491 751 578 Tailfinger
762 491 784 573 ²,
809 492 986 559 Widersatu
1001 493 1025 574 ³,
1048 499 1080 560 et
1094 497 1190 561 ceteri
1205 498 1310 578 multi,

158 594 212 676 qui
238 595 400 660 memoriae
423 618 487 660 uon
510 602 692 677 occurrunt,
717 598 767 664 vel
789 623 924 683 quorum
947 601 1076 665 nomina
1094 602 1217 684 ignoro.
1264 601 1311 668 De

158 696 210 760 his
237 698 367 764 familiis
389 705 464 765 sunt
480 701 626 766 nonnulli
643 703 790 788 magistri
806 702 998 784 zunftaruni,
1014 705 1142 784 indices,
1155 708 1308 787 consules,

157 806 331 883 senatores,
355 805 506 886 unitores,
531 808 685 890 quintini,
710 813 742 873 et
764 808 903 874 civitatis
926 810 1085 874 secretarii
1116 815 1148 874 et
1170 811 1309 877 honora·

157 907 277 974 bilibus
300 909 414 976 officiis
438 909 524 976 clari.

678 1206 745 1278 Cap.
765 1209 790 1262 6.

155 1347 357 1412 Deserto
380 1351 528 1414 ordine
550 1351 702 1416 civium
726 1352 765 1415 in
789 1350 919 1432 Ulma,
943 1354 989 1418 de
1022 1355 1307 1420 mechanicis⁴.

243 1539 357 1605 Sextus
381 1542 458 1606 ordo
480 1543 597 1608 civium
625 1544 658 1608 in
691 1545 769 1609 urbe
793 1543 938 1610 Ulmensi
968 1552 1017 1612 est
1045 1549 1239 1614 constitutus
1269 1573 1307 1613 ex

156 1646 310 1710 varietate
333 1648 609 1729 mechanicorum,
640 1651 679 1716 de
707 1671 843 1734 quorum
872 1651 1077 1718 multitudine
1099 1657 1132 1717 et
1155 1654 1308 1719 varietate

153 1751 257 1815 dicere
290 1775 387 1835 paene
419 1754 499 1818 nihil
535 1757 599 1820 scio
626 1757 660 1819 in
691 1755 864 1841 singulari,
896 1780 1064 1841 oppressus
1097 1759 1179 1824 mole
1209 1763 1307 1824 tautae

153 1857 387 1936 multitudinis,
420 1882 477 1924 nec
509 1865 557 1924 est
588 1883 714 1926 necesse
752 1884 926 1944 exponere,
961 1864 1117 1946 quomodo
1147 1863 1199 1928 hio
1230 1865 1308 1929 ordo

155 1965 384 2046 rempublicam
408 1969 573 2029 cdnservat
595 1967 628 2029 dt
650 1969 822 2046 restaurat,
856 1989 927 2032 cunr
951 1967 982 2030 id
1006 1967 1141 2052 quilibet
1163 1969 1197 2032 in
1219 1990 1253 2034 se
1275 1974 1308 2034 et

151 2070 187 2133 in
210 2093 269 2134 sua
291 2070 384 2134 domo
407 2069 600 2134 sensibiliter
622 2071 787 2154 percipiat.
834 2070 1004 2136 Tollantur
1026 2073 1220 2152 mechanici,
1251 2073 1305 2138 ubi

152 2179 230 2238 suut
246 2175 368 2254 domus,
384 2173 577 2253 habitacula,
595 2179 696 2238 vestes
712 2179 744 2239 et
759 2178 967 2260 tegumenta?
992 2176 1046 2240 ubi
1062 2177 1169 2240 omnia
1183 2176 1306 2240 homini

151 2281 329 2346 necessaria
352 2281 588 2345 instrumenta?
612 2281 717 2344 Tanto
734 2285 838 2345 autern
861 2281 966 2345 studio
983 2281 1156 2346 mechanici
1172 2303 1306 2364 operan-

152 2391 280 2449 turres
303 2409 375 2450 suas
399 2386 432 2448 in
455 2384 570 2465 Ulmo,
594 2391 630 2450 ut
653 2385 833 2450 artificialia
858 2385 1054 2451 Ulmensiurn
1079 2386 1144 2450 sint
1167 2386 1306 2468 undique

150 2491 276 2556 cariora
299 2496 331 2556 et
353 2490 550 2574 pretiosiora,
574 2491 779 2575 quianullus
802 2491 957 2575 magister
980 2491 1113 2556 alicuius
1133 2491 1212 2556 artis
1235 2491 1306 2556 effi-

149 2597 252 2674 citur,
281 2597 342 2660 nisi
372 2595 566 2679 rigidissimo
600 2597 744 2661 examine
775 2596 818 2660 sit
841 2597 1002 2680 probatus.
1049 2595 1086 2660 In
1109 2596 1172 2660 isto
1195 2595 1305 2660 ordine

149 2706 229 2766 suut
250 2701 360 2766 multae
385 2701 606 2766 vetustissimae
629 2701 796 2786 progenies
819 2705 851 2766 et
874 2700 982 2766 multae
1007 2700 1127 2765 divitiis
1151 2722 1188 2766 ac
1203 2699 1304 2766 hono·

150 2806 242 2870 ribus
266 2806 389 2871 felices:
421 2805 516 2870 finale
547 2807 632 2869 enim
663 2805 823 2890 refugium
854 2807 994 2870 omniurn
1019 2812 1067 2871 est
1090 2807 1123 2870 iu
1146 2805 1231 2870 hunc
1253 2828 1305 2870 or·

149 2912 267 2990 dinem,
292 2912 346 2996 qui
363 2911 447 2976 enim
462 2910 629 2976 clericari⁶
645 2934 708 2976 non
725 2912 811 2977 valet
827 2913 907 2978 et'iu
923 2913 1019 2977 annis
1036 2933 1182 2976 essenon
1198 2909 1305 2992 habet,

149 3039 210 3082 nec
232 3017 316 3081 inter
338 3017 421 3081 cives
444 3017 579 3094 morari,
603 3037 660 3080 nec
683 3017 821 3101 negotiis
843 3017 989 3081 insistere
1012 3021 1133 3100 potest,
1159 3017 1198 3081 ad
1221 3015 1306 3081 hunc

149 3146 185 3188 se
209 3123 331 3186 confert
354 3122 513 3201 ordinem,
537 3125 569 3186 et
593 3121 643 3185 oui
668 3144 724 3186 nec
747 3122 899 3186 nobilitas
924 3145 980 3186 nec
1004 3121 1146 3206 potentia
1169 3142 1226 3185 nec
1249 3143 1305 3185 ne·

149 3225 289 3313 gotiatio
313 3227 519 3311 suffragatur,
542 3227 575 3290 in
599 3226 655 3290 illo
672 3226 781 3290 ordine
796 3227 920 3290 invenit
942 3226 1143 3290 adiutorium.
1190 3223 1305 3290 Clerici

148 3333 237 3398 enim
261 3332 376 3416 quibus
399 3331 436 3396 de
458 3332 527 3397 iure
549 3331 708 3396 communi
724 3330 844 3396 bellare
859 3354 923 3397 non
942 3333 1015 3396 licet
1030 3353 1087 3394 nec
1107 3352 1196 3394 arma
1211 3327 1304 3409 ferre,

148 3457 210 3502 nec
232 3436 474 3501 communitates
497 3437 530 3500 in
553 3435 747 3500 secularibus
770 3435 908 3522 negotiis
931 3457 1057 3520 regere,
1093 3456 1150 3498 nec
1172 3433 1305 3497 mercari

148 3546 208 3606 ant
232 3541 399 3624 negotiari,
423 3546 556 3626 possunt
580 3541 708 3626 aliquod
732 3541 900 3606 honestum
923 3539 1094 3604 artificium
1115 3559 1258 3606 exercere
1273 3543 1306 3603 et

148 3648 220 3712 sine
244 3647 421 3732 indigentia
445 3645 494 3732 (ut
517 3649 607 3732 patet
621 3648 659 3711 de
675 3668 822 3731 consequ.
846 3646 911 3732 dig.
936 3645 1111 3730 bcapitulo
1128 3667 1302 3730 nunquam,

148 3756 184 3817 et
207 3751 271 3838 dig.
296 3755 335 3819 51
360 3775 417 3838 per
440 3755 563 3832 totum,
596 3755 628 3816 et
649 3753 682 3816 in
705 3773 786 3835 spec.
812 3751 850 3816 de
872 3751 1056 3817 clericorum
1079 3749 1304 3834 conjugatione

717 3869 735 3908 *

224 3951 236 4004 1
256 3949 344 4005 lirufft
364 3949 404 4005 vff
419 3950 469 4005 der
488 3949 603 4004 Braiten
622 3949 692 4006 Gok.
713 3949 784 4006 Besa.
822 3951 864 4006 lrr.
885 3951 926 4004 vll
941 3951 990 4005 der
1009 3951 1134 4004 braitten
1147 3949 1246 4005 Schad.
1261 3949 1305 4004 Kl.

147 4039 193 4094 kr.
219 4041 252 4094 vl
276 4037 326 4094 der
351 4038 476 4095 bruitten
503 4037 590 4093 Wibl.
626 4038 668 4092 kr.
693 4037 733 4094 rff
749 4038 798 4093 der
826 4037 949 4094 breitten
975 4037 1095 4094 Schmin
1131 4037 1174 4091 lrr.
1200 4037 1241 4090 eff
1257 4036 1306 4092 der

148 4127 238 4183 brniti
261 4127 333 4184 Mon.
352 4131 377 4182 2.
466 4127 664 4196 2Thalfiuger
689 4125 758 4183 Golr.
786 4127 858 4182 Besa.
895 4127 1039 4196 Talfiuger
1063 4125 1164 4180 Schad.
1183 4123 1305 4180 Schmid.

149 4215 237 4270 Wibl.
257 4215 301 4270 lll.
338 4215 493 4284 Tailfinger
514 4215 586 4272 tion.
606 4216 630 4270 2.
684 4213 880 4270 3Wiedersca
892 4214 978 4270 Wibl.
1032 4212 1109 4268 tue
1128 4211 1305 4268 Machanicis.

149 4303 220 4359 Gok.
241 4303 327 4367 Bess.;
345 4303 487 4358 dieselben
500 4303 593 4360 haben
611 4321 658 4360 am
671 4301 778 4358 rande:
798 4300 836 4356 Vl
855 4301 923 4360 ordo
941 4301 992 4358 cin.
1013 4301 1086 4356 Vlm.
1142 4305 1157 4354 5
1176 4298 1306 4355 claricari

149 4393 224 4449 Mon.
245 4393 270 4446 2.
289 4391 358 4448 uos.
379 4393 451 4446 Bess.
